[
  {
    "product_id": 1,
    "product_name": "Product 1",
    "category": "Beverages",
    "date": "2025-04-14T23:50:25.296365",
    "quantity_sold": 41,
    "revenue": 1007.06,
    "unit_price": 25.68,
    "store_id": "store_5"
  },
  {
    "product_id": 1,
    "product_name": "Product 1",
    "category": "Beverages",
    "date": "2025-04-15T23:50:25.296379",
    "quantity_sold": 37,
    "revenue": 1016.68,
    "unit_price": 25.68,
    "store_id": "store_3"
  },
  {
    "product_id": 1,
    "product_name": "Product 1",
    "category": "Beverages",
    "date": "2025-04-16T23:50:25.296385",
    "quantity_sold": 30,
    "revenue": 832.73,
    "unit_price": 25.68,
    "store_id": "store_3"
  },
  {
    "product_id": 1,
    "product_name": "Product 1",
    "category": "Beverages",
    "date": "2025-04-17T23:50:25.296389",
    "quantity_sold": 40,
    "revenue": 1047.81,
    "unit_price": 25.68,
    "store_id": "store_5"
  },
  {
    "product_id": 1,
    "product_name": "Product 1",
    "category": "Beverages",
    "date": "2025-04-18T23:50:25.296391",
    "quantity_sold": 37,
    "revenue": 1013.57,
    "unit_price": 25.68,
    "store_id": "store_4"
  },
  {
    "product_id": 1,
    "product_name": "Product 1",
    "category": "Beverages",
    "date": "2025-04-19T23:50:25.296394",
    "quantity_sold": 41,
    "revenue": 985.87,
    "unit_price": 25.68,
    "store_id": "store_5"
  },
  {
    "product_id": 1,
    "product_name": "Product 1",
    "category": "Beverages",
    "date": "2025-04-20T23:50:25.296396",
    "quantity_sold": 25,
    "revenue": 654.48,
    "unit_price": 25.68,
    "store_id": "store_5"
  },
  {
    "product_id": 1,
    "product_name": "Product 1",
    "category": "Beverages",
    "date": "2025-04-21T23:50:25.296398",
    "quantity_sold": 40,
    "revenue": 957.04,
    "unit_price": 25.68,
    "store_id": "store_4"
  },
  {
    "product_id": 1,
    "product_name": "Product 1",
    "category": "Beverages",
    "date": "2025-04-22T23:50:25.296400",
    "quantity_sold": 33,
    "revenue": 817.98,
    "unit_price": 25.68,
    "store_id": "store_3"
  },
  {
    "product_id": 1,
    "product_name": "Product 1",
    "category": "Beverages",
    "date": "2025-04-23T23:50:25.296402",
    "quantity_sold": 28,
    "revenue": 657.5,
    "unit_price": 25.68,
    "store_id": "store_3"
  },
  {
    "product_id": 1,
    "product_name": "Product 1",
    "category": "Beverages",
    "date": "2025-04-24T23:50:25.296404",
    "quantity_sold": 32,
    "revenue": 866.54,
    "unit_price": 25.68,
    "store_id": "store_5"
  },
  {
    "product_id": 1,
    "product_name": "Product 1",
    "category": "Beverages",
    "date": "2025-04-25T23:50:25.296406",
    "quantity_sold": 37,
    "revenue": 964.9,
    "unit_price": 25.68,
    "store_id": "store_2"
  },
  {
    "product_id": 1,
    "product_name": "Product 1",
    "category": "Beverages",
    "date": "2025-04-26T23:50:25.296408",
    "quantity_sold": 25,
    "revenue": 585.66,
    "unit_price": 25.68,
    "store_id": "store_4"
  },
  {
    "product_id": 1,
    "product_name": "Product 1",
    "category": "Beverages",
    "date": "2025-04-27T23:50:25.296410",
    "quantity_sold": 38,
    "revenue": 965.89,
    "unit_price": 25.68,
    "store_id": "store_1"
  },
  {
    "product_id": 1,
    "product_name": "Product 1",
    "category": "Beverages",
    "date": "2025-04-28T23:50:25.296412",
    "quantity_sold": 32,
    "revenue": 895.2,
    "unit_price": 25.68,
    "store_id": "store_1"
  },
  {
    "product_id": 1,
    "product_name": "Product 1",
    "category": "Beverages",
    "date": "2025-04-29T23:50:25.296414",
    "quantity_sold": 28,
    "revenue": 761.36,
    "unit_price": 25.68,
    "store_id": "store_5"
  },
  {
    "product_id": 1,
    "product_name": "Product 1",
    "category": "Beverages",
    "date": "2025-04-30T23:50:25.296416",
    "quantity_sold": 36,
    "revenue": 948.13,
    "unit_price": 25.68,
    "store_id": "store_4"
  },
  {
    "product_id": 1,
    "product_name": "Product 1",
    "category": "Beverages",
    "date": "2025-05-01T23:50:25.296417",
    "quantity_sold": 30,
    "revenue": 765.39,
    "unit_price": 25.68,
    "store_id": "store_5"
  },
  {
    "product_id": 1,
    "product_name": "Product 1",
    "category": "Beverages",
    "date": "2025-05-02T23:50:25.296419",
    "quantity_sold": 49,
    "revenue": 1315.67,
    "unit_price": 25.68,
    "store_id": "store_3"
  },
  {
    "product_id": 1,
    "product_name": "Product 1",
    "category": "Beverages",
    "date": "2025-05-03T23:50:25.296421",
    "quantity_sold": 26,
    "revenue": 677.43,
    "unit_price": 25.68,
    "store_id": "store_5"
  },
  {
    "product_id": 1,
    "product_name": "Product 1",
    "category": "Beverages",
    "date": "2025-05-04T23:50:25.296423",
    "quantity_sold": 29,
    "revenue": 734.29,
    "unit_price": 25.68,
    "store_id": "store_2"
  },
  {
    "product_id": 1,
    "product_name": "Product 1",
    "category": "Beverages",
    "date": "2025-05-05T23:50:25.296425",
    "quantity_sold": 38,
    "revenue": 973.95,
    "unit_price": 25.68,
    "store_id": "store_5"
  },
  {
    "product_id": 1,
    "product_name": "Product 1",
    "category": "Beverages",
    "date": "2025-05-06T23:50:25.296427",
    "quantity_sold": 42,
    "revenue": 1153.26,
    "unit_price": 25.68,
    "store_id": "store_2"
  },
  {
    "product_id": 1,
    "product_name": "Product 1",
    "category": "Beverages",
    "date": "2025-05-07T23:50:25.296429",
    "quantity_sold": 37,
    "revenue": 875.74,
    "unit_price": 25.68,
    "store_id": "store_5"
  },
  {
    "product_id": 1,
    "product_name": "Product 1",
    "category": "Beverages",
    "date": "2025-05-08T23:50:25.296431",
    "quantity_sold": 37,
    "revenue": 967.41,
    "unit_price": 25.68,
    "store_id": "store_3"
  },
  {
    "product_id": 1,
    "product_name": "Product 1",
    "category": "Beverages",
    "date": "2025-05-09T23:50:25.296433",
    "quantity_sold": 50,
    "revenue": 1365.11,
    "unit_price": 25.68,
    "store_id": "store_3"
  },
  {
    "product_id": 1,
    "product_name": "Product 1",
    "category": "Beverages",
    "date": "2025-05-10T23:50:25.296436",
    "quantity_sold": 34,
    "revenue": 925.61,
    "unit_price": 25.68,
    "store_id": "store_1"
  },
  {
    "product_id": 1,
    "product_name": "Product 1",
    "category": "Beverages",
    "date": "2025-05-11T23:50:25.296438",
    "quantity_sold": 41,
    "revenue": 1123.96,
    "unit_price": 25.68,
    "store_id": "store_4"
  },
  {
    "product_id": 1,
    "product_name": "Product 1",
    "category": "Beverages",
    "date": "2025-05-12T23:50:25.296442",
    "quantity_sold": 33,
    "revenue": 785.37,
    "unit_price": 25.68,
    "store_id": "store_3"
  },
  {
    "product_id": 1,
    "product_name": "Product 1",
    "category": "Beverages",
    "date": "2025-05-13T23:50:25.296444",
    "quantity_sold": 29,
    "revenue": 719.4,
    "unit_price": 25.68,
    "store_id": "store_3"
  },
  {
    "product_id": 1,
    "product_name": "Product 1",
    "category": "Beverages",
    "date": "2025-05-14T23:50:25.296446",
    "quantity_sold": 37,
    "revenue": 918.2,
    "unit_price": 25.68,
    "store_id": "store_3"
  },
  {
    "product_id": 1,
    "product_name": "Product 1",
    "category": "Beverages",
    "date": "2025-05-15T23:50:25.296448",
    "quantity_sold": 33,
    "revenue": 832.94,
    "unit_price": 25.68,
    "store_id": "store_5"
  },
  {
    "product_id": 1,
    "product_name": "Product 1",
    "category": "Beverages",
    "date": "2025-05-16T23:50:25.296449",
    "quantity_sold": 32,
    "revenue": 832.51,
    "unit_price": 25.68,
    "store_id": "store_4"
  },
  {
    "product_id": 1,
    "product_name": "Product 1",
    "category": "Beverages",
    "date": "2025-05-17T23:50:25.296451",
    "quantity_sold": 72,
    "revenue": 1999.77,
    "unit_price": 25.68,
    "store_id": "store_2"
  },
  {
    "product_id": 1,
    "product_name": "Product 1",
    "category": "Beverages",
    "date": "2025-05-18T23:50:25.296453",
    "quantity_sold": 35,
    "revenue": 900.53,
    "unit_price": 25.68,
    "store_id": "store_3"
  },
  {
    "product_id": 1,
    "product_name": "Product 1",
    "category": "Beverages",
    "date": "2025-05-19T23:50:25.296455",
    "quantity_sold": 48,
    "revenue": 1207.82,
    "unit_price": 25.68,
    "store_id": "store_3"
  },
  {
    "product_id": 1,
    "product_name": "Product 1",
    "category": "Beverages",
    "date": "2025-05-20T23:50:25.296457",
    "quantity_sold": 41,
    "revenue": 1047.7,
    "unit_price": 25.68,
    "store_id": "store_1"
  },
  {
    "product_id": 1,
    "product_name": "Product 1",
    "category": "Beverages",
    "date": "2025-05-21T23:50:25.296459",
    "quantity_sold": 39,
    "revenue": 965.91,
    "unit_price": 25.68,
    "store_id": "store_2"
  },
  {
    "product_id": 1,
    "product_name": "Product 1",
    "category": "Beverages",
    "date": "2025-05-22T23:50:25.296461",
    "quantity_sold": 43,
    "revenue": 1044.56,
    "unit_price": 25.68,
    "store_id": "store_3"
  },
  {
    "product_id": 1,
    "product_name": "Product 1",
    "category": "Beverages",
    "date": "2025-05-23T23:50:25.296463",
    "quantity_sold": 32,
    "revenue": 899.91,
    "unit_price": 25.68,
    "store_id": "store_2"
  },
  {
    "product_id": 1,
    "product_name": "Product 1",
    "category": "Beverages",
    "date": "2025-05-24T23:50:25.296465",
    "quantity_sold": 47,
    "revenue": 1133.31,
    "unit_price": 25.68,
    "store_id": "store_3"
  },
  {
    "product_id": 1,
    "product_name": "Product 1",
    "category": "Beverages",
    "date": "2025-05-25T23:50:25.296467",
    "quantity_sold": 48,
    "revenue": 1239.96,
    "unit_price": 25.68,
    "store_id": "store_4"
  },
  {
    "product_id": 1,
    "product_name": "Product 1",
    "category": "Beverages",
    "date": "2025-05-26T23:50:25.296469",
    "quantity_sold": 29,
    "revenue": 802.51,
    "unit_price": 25.68,
    "store_id": "store_4"
  },
  {
    "product_id": 1,
    "product_name": "Product 1",
    "category": "Beverages",
    "date": "2025-05-27T23:50:25.296470",
    "quantity_sold": 69,
    "revenue": 1596.64,
    "unit_price": 25.68,
    "store_id": "store_4"
  },
  {
    "product_id": 1,
    "product_name": "Product 1",
    "category": "Beverages",
    "date": "2025-05-28T23:50:25.296472",
    "quantity_sold": 29,
    "revenue": 708.43,
    "unit_price": 25.68,
    "store_id": "store_4"
  },
  {
    "product_id": 1,
    "product_name": "Product 1",
    "category": "Beverages",
    "date": "2025-05-29T23:50:25.296474",
    "quantity_sold": 51,
    "revenue": 1432.52,
    "unit_price": 25.68,
    "store_id": "store_5"
  },
  {
    "product_id": 1,
    "product_name": "Product 1",
    "category": "Beverages",
    "date": "2025-05-30T23:50:25.296476",
    "quantity_sold": 44,
    "revenue": 1171.2,
    "unit_price": 25.68,
    "store_id": "store_3"
  },
  {
    "product_id": 1,
    "product_name": "Product 1",
    "category": "Beverages",
    "date": "2025-05-31T23:50:25.296478",
    "quantity_sold": 38,
    "revenue": 908.61,
    "unit_price": 25.68,
    "store_id": "store_5"
  },
  {
    "product_id": 1,
    "product_name": "Product 1",
    "category": "Beverages",
    "date": "2025-06-01T23:50:25.296480",
    "quantity_sold": 31,
    "revenue": 794.73,
    "unit_price": 25.68,
    "store_id": "store_3"
  },
  {
    "product_id": 1,
    "product_name": "Product 1",
    "category": "Beverages",
    "date": "2025-06-02T23:50:25.296482",
    "quantity_sold": 33,
    "revenue": 868.15,
    "unit_price": 25.68,
    "store_id": "store_3"
  },
  {
    "product_id": 1,
    "product_name": "Product 1",
    "category": "Beverages",
    "date": "2025-06-03T23:50:25.296484",
    "quantity_sold": 45,
    "revenue": 1071.27,
    "unit_price": 25.68,
    "store_id": "store_1"
  },
  {
    "product_id": 1,
    "product_name": "Product 1",
    "category": "Beverages",
    "date": "2025-06-04T23:50:25.296486",
    "quantity_sold": 30,
    "revenue": 847.32,
    "unit_price": 25.68,
    "store_id": "store_3"
  },
  {
    "product_id": 1,
    "product_name": "Product 1",
    "category": "Beverages",
    "date": "2025-06-05T23:50:25.296489",
    "quantity_sold": 42,
    "revenue": 1136.51,
    "unit_price": 25.68,
    "store_id": "store_2"
  },
  {
    "product_id": 1,
    "product_name": "Product 1",
    "category": "Beverages",
    "date": "2025-06-06T23:50:25.296491",
    "quantity_sold": 32,
    "revenue": 850.2,
    "unit_price": 25.68,
    "store_id": "store_2"
  },
  {
    "product_id": 1,
    "product_name": "Product 1",
    "category": "Beverages",
    "date": "2025-06-07T23:50:25.296493",
    "quantity_sold": 40,
    "revenue": 1108.78,
    "unit_price": 25.68,
    "store_id": "store_5"
  },
  {
    "product_id": 1,
    "product_name": "Product 1",
    "category": "Beverages",
    "date": "2025-06-08T23:50:25.296495",
    "quantity_sold": 27,
    "revenue": 708.41,
    "unit_price": 25.68,
    "store_id": "store_1"
  },
  {
    "product_id": 1,
    "product_name": "Product 1",
    "category": "Beverages",
    "date": "2025-06-09T23:50:25.296497",
    "quantity_sold": 39,
    "revenue": 955.72,
    "unit_price": 25.68,
    "store_id": "store_4"
  },
  {
    "product_id": 1,
    "product_name": "Product 1",
    "category": "Beverages",
    "date": "2025-06-10T23:50:25.296499",
    "quantity_sold": 54,
    "revenue": 1379.73,
    "unit_price": 25.68,
    "store_id": "store_4"
  },
  {
    "product_id": 1,
    "product_name": "Product 1",
    "category": "Beverages",
    "date": "2025-06-11T23:50:25.296501",
    "quantity_sold": 53,
    "revenue": 1329.2,
    "unit_price": 25.68,
    "store_id": "store_2"
  },
  {
    "product_id": 1,
    "product_name": "Product 1",
    "category": "Beverages",
    "date": "2025-06-12T23:50:25.296503",
    "quantity_sold": 43,
    "revenue": 1192.44,
    "unit_price": 25.68,
    "store_id": "store_5"
  },
  {
    "product_id": 1,
    "product_name": "Product 1",
    "category": "Beverages",
    "date": "2025-06-13T23:50:25.296505",
    "quantity_sold": 52,
    "revenue": 1383.16,
    "unit_price": 25.68,
    "store_id": "store_5"
  },
  {
    "product_id": 1,
    "product_name": "Product 1",
    "category": "Beverages",
    "date": "2025-06-14T23:50:25.296507",
    "quantity_sold": 28,
    "revenue": 679.74,
    "unit_price": 25.68,
    "store_id": "store_5"
  },
  {
    "product_id": 1,
    "product_name": "Product 1",
    "category": "Beverages",
    "date": "2025-06-15T23:50:25.296509",
    "quantity_sold": 48,
    "revenue": 1273.01,
    "unit_price": 25.68,
    "store_id": "store_5"
  },
  {
    "product_id": 1,
    "product_name": "Product 1",
    "category": "Beverages",
    "date": "2025-06-16T23:50:25.296511",
    "quantity_sold": 56,
    "revenue": 1387.36,
    "unit_price": 25.68,
    "store_id": "store_5"
  },
  {
    "product_id": 1,
    "product_name": "Product 1",
    "category": "Beverages",
    "date": "2025-06-17T23:50:25.296513",
    "quantity_sold": 30,
    "revenue": 761.2,
    "unit_price": 25.68,
    "store_id": "store_3"
  },
  {
    "product_id": 1,
    "product_name": "Product 1",
    "category": "Beverages",
    "date": "2025-06-18T23:50:25.296515",
    "quantity_sold": 34,
    "revenue": 818.61,
    "unit_price": 25.68,
    "store_id": "store_5"
  },
  {
    "product_id": 1,
    "product_name": "Product 1",
    "category": "Beverages",
    "date": "2025-06-19T23:50:25.296518",
    "quantity_sold": 50,
    "revenue": 1347.99,
    "unit_price": 25.68,
    "store_id": "store_4"
  },
  {
    "product_id": 1,
    "product_name": "Product 1",
    "category": "Beverages",
    "date": "2025-06-20T23:50:25.296520",
    "quantity_sold": 44,
    "revenue": 1193.31,
    "unit_price": 25.68,
    "store_id": "store_4"
  },
  {
    "product_id": 1,
    "product_name": "Product 1",
    "category": "Beverages",
    "date": "2025-06-21T23:50:25.296522",
    "quantity_sold": 39,
    "revenue": 938.85,
    "unit_price": 25.68,
    "store_id": "store_5"
  },
  {
    "product_id": 1,
    "product_name": "Product 1",
    "category": "Beverages",
    "date": "2025-06-22T23:50:25.296523",
    "quantity_sold": 34,
    "revenue": 786.17,
    "unit_price": 25.68,
    "store_id": "store_2"
  },
  {
    "product_id": 1,
    "product_name": "Product 1",
    "category": "Beverages",
    "date": "2025-06-23T23:50:25.296525",
    "quantity_sold": 32,
    "revenue": 814.57,
    "unit_price": 25.68,
    "store_id": "store_1"
  },
  {
    "product_id": 1,
    "product_name": "Product 1",
    "category": "Beverages",
    "date": "2025-06-24T23:50:25.296527",
    "quantity_sold": 43,
    "revenue": 1202.33,
    "unit_price": 25.68,
    "store_id": "store_5"
  },
  {
    "product_id": 1,
    "product_name": "Product 1",
    "category": "Beverages",
    "date": "2025-06-25T23:50:25.296529",
    "quantity_sold": 31,
    "revenue": 809.91,
    "unit_price": 25.68,
    "store_id": "store_3"
  },
  {
    "product_id": 1,
    "product_name": "Product 1",
    "category": "Beverages",
    "date": "2025-06-26T23:50:25.296531",
    "quantity_sold": 57,
    "revenue": 1539.19,
    "unit_price": 25.68,
    "store_id": "store_3"
  },
  {
    "product_id": 1,
    "product_name": "Product 1",
    "category": "Beverages",
    "date": "2025-06-27T23:50:25.296533",
    "quantity_sold": 43,
    "revenue": 1133.65,
    "unit_price": 25.68,
    "store_id": "store_2"
  },
  {
    "product_id": 1,
    "product_name": "Product 1",
    "category": "Beverages",
    "date": "2025-06-28T23:50:25.296535",
    "quantity_sold": 44,
    "revenue": 1210.88,
    "unit_price": 25.68,
    "store_id": "store_3"
  },
  {
    "product_id": 1,
    "product_name": "Product 1",
    "category": "Beverages",
    "date": "2025-06-29T23:50:25.296537",
    "quantity_sold": 44,
    "revenue": 1078.92,
    "unit_price": 25.68,
    "store_id": "store_4"
  },
  {
    "product_id": 1,
    "product_name": "Product 1",
    "category": "Beverages",
    "date": "2025-06-30T23:50:25.296539",
    "quantity_sold": 30,
    "revenue": 750.71,
    "unit_price": 25.68,
    "store_id": "store_4"
  },
  {
    "product_id": 1,
    "product_name": "Product 1",
    "category": "Beverages",
    "date": "2025-07-01T23:50:25.296542",
    "quantity_sold": 36,
    "revenue": 866.54,
    "unit_price": 25.68,
    "store_id": "store_3"
  },
  {
    "product_id": 1,
    "product_name": "Product 1",
    "category": "Beverages",
    "date": "2025-07-02T23:50:25.296544",
    "quantity_sold": 46,
    "revenue": 1284.36,
    "unit_price": 25.68,
    "store_id": "store_3"
  },
  {
    "product_id": 1,
    "product_name": "Product 1",
    "category": "Beverages",
    "date": "2025-07-03T23:50:25.296546",
    "quantity_sold": 37,
    "revenue": 978.01,
    "unit_price": 25.68,
    "store_id": "store_3"
  },
  {
    "product_id": 1,
    "product_name": "Product 1",
    "category": "Beverages",
    "date": "2025-07-04T23:50:25.296548",
    "quantity_sold": 60,
    "revenue": 1567.81,
    "unit_price": 25.68,
    "store_id": "store_2"
  },
  {
    "product_id": 1,
    "product_name": "Product 1",
    "category": "Beverages",
    "date": "2025-07-05T23:50:25.296550",
    "quantity_sold": 32,
    "revenue": 817.95,
    "unit_price": 25.68,
    "store_id": "store_2"
  },
  {
    "product_id": 1,
    "product_name": "Product 1",
    "category": "Beverages",
    "date": "2025-07-06T23:50:25.296552",
    "quantity_sold": 25,
    "revenue": 578.88,
    "unit_price": 25.68,
    "store_id": "store_3"
  },
  {
    "product_id": 1,
    "product_name": "Product 1",
    "category": "Beverages",
    "date": "2025-07-07T23:50:25.296554",
    "quantity_sold": 48,
    "revenue": 1309.5,
    "unit_price": 25.68,
    "store_id": "store_4"
  },
  {
    "product_id": 1,
    "product_name": "Product 1",
    "category": "Beverages",
    "date": "2025-07-08T23:50:25.296556",
    "quantity_sold": 33,
    "revenue": 855.31,
    "unit_price": 25.68,
    "store_id": "store_2"
  },
  {
    "product_id": 1,
    "product_name": "Product 1",
    "category": "Beverages",
    "date": "2025-07-09T23:50:25.296558",
    "quantity_sold": 45,
    "revenue": 1172.89,
    "unit_price": 25.68,
    "store_id": "store_1"
  },
  {
    "product_id": 1,
    "product_name": "Product 1",
    "category": "Beverages",
    "date": "2025-07-10T23:50:25.296559",
    "quantity_sold": 36,
    "revenue": 890.36,
    "unit_price": 25.68,
    "store_id": "store_2"
  },
  {
    "product_id": 1,
    "product_name": "Product 1",
    "category": "Beverages",
    "date": "2025-07-11T23:50:25.296561",
    "quantity_sold": 38,
    "revenue": 918.67,
    "unit_price": 25.68,
    "store_id": "store_1"
  },
  {
    "product_id": 1,
    "product_name": "Product 1",
    "category": "Beverages",
    "date": "2025-07-12T23:50:25.296563",
    "quantity_sold": 26,
    "revenue": 704.4,
    "unit_price": 25.68,
    "store_id": "store_4"
  },
  {
    "product_id": 2,
    "product_name": "Product 2",
    "category": "Snacks",
    "date": "2025-04-14T23:50:25.296566",
    "quantity_sold": 32,
    "revenue": 1844.74,
    "unit_price": 55.06,
    "store_id": "store_3"
  },
  {
    "product_id": 2,
    "product_name": "Product 2",
    "category": "Snacks",
    "date": "2025-04-15T23:50:25.296569",
    "quantity_sold": 55,
    "revenue": 3308.71,
    "unit_price": 55.06,
    "store_id": "store_4"
  },
  {
    "product_id": 2,
    "product_name": "Product 2",
    "category": "Snacks",
    "date": "2025-04-16T23:50:25.296571",
    "quantity_sold": 59,
    "revenue": 3086.51,
    "unit_price": 55.06,
    "store_id": "store_3"
  },
  {
    "product_id": 2,
    "product_name": "Product 2",
    "category": "Snacks",
    "date": "2025-04-17T23:50:25.296573",
    "quantity_sold": 43,
    "revenue": 2582.95,
    "unit_price": 55.06,
    "store_id": "store_2"
  },
  {
    "product_id": 2,
    "product_name": "Product 2",
    "category": "Snacks",
    "date": "2025-04-18T23:50:25.296575",
    "quantity_sold": 65,
    "revenue": 3437.88,
    "unit_price": 55.06,
    "store_id": "store_4"
  },
  {
    "product_id": 2,
    "product_name": "Product 2",
    "category": "Snacks",
    "date": "2025-04-19T23:50:25.296577",
    "quantity_sold": 40,
    "revenue": 2061.51,
    "unit_price": 55.06,
    "store_id": "store_3"
  },
  {
    "product_id": 2,
    "product_name": "Product 2",
    "category": "Snacks",
    "date": "2025-04-20T23:50:25.296579",
    "quantity_sold": 77,
    "revenue": 4184.4,
    "unit_price": 55.06,
    "store_id": "store_1"
  },
  {
    "product_id": 2,
    "product_name": "Product 2",
    "category": "Snacks",
    "date": "2025-04-21T23:50:25.296581",
    "quantity_sold": 52,
    "revenue": 3116.34,
    "unit_price": 55.06,
    "store_id": "store_3"
  },
  {
    "product_id": 2,
    "product_name": "Product 2",
    "category": "Snacks",
    "date": "2025-04-22T23:50:25.296582",
    "quantity_sold": 66,
    "revenue": 3676.37,
    "unit_price": 55.06,
    "store_id": "store_4"
  },
  {
    "product_id": 2,
    "product_name": "Product 2",
    "category": "Snacks",
    "date": "2025-04-23T23:50:25.296584",
    "quantity_sold": 88,
    "revenue": 5061.18,
    "unit_price": 55.06,
    "store_id": "store_2"
  },
  {
    "product_id": 2,
    "product_name": "Product 2",
    "category": "Snacks",
    "date": "2025-04-24T23:50:25.296586",
    "quantity_sold": 54,
    "revenue": 2767.07,
    "unit_price": 55.06,
    "store_id": "store_3"
  },
  {
    "product_id": 2,
    "product_name": "Product 2",
    "category": "Snacks",
    "date": "2025-04-25T23:50:25.296588",
    "quantity_sold": 38,
    "revenue": 1928.22,
    "unit_price": 55.06,
    "store_id": "store_5"
  },
  {
    "product_id": 2,
    "product_name": "Product 2",
    "category": "Snacks",
    "date": "2025-04-26T23:50:25.296590",
    "quantity_sold": 37,
    "revenue": 2145.02,
    "unit_price": 55.06,
    "store_id": "store_3"
  },
  {
    "product_id": 2,
    "product_name": "Product 2",
    "category": "Snacks",
    "date": "2025-04-27T23:50:25.296592",
    "quantity_sold": 31,
    "revenue": 1733.98,
    "unit_price": 55.06,
    "store_id": "store_4"
  },
  {
    "product_id": 2,
    "product_name": "Product 2",
    "category": "Snacks",
    "date": "2025-04-28T23:50:25.296594",
    "quantity_sold": 47,
    "revenue": 2703.55,
    "unit_price": 55.06,
    "store_id": "store_4"
  },
  {
    "product_id": 2,
    "product_name": "Product 2",
    "category": "Snacks",
    "date": "2025-04-29T23:50:25.296596",
    "quantity_sold": 58,
    "revenue": 2925.42,
    "unit_price": 55.06,
    "store_id": "store_3"
  },
  {
    "product_id": 2,
    "product_name": "Product 2",
    "category": "Snacks",
    "date": "2025-04-30T23:50:25.296597",
    "quantity_sold": 39,
    "revenue": 2294.38,
    "unit_price": 55.06,
    "store_id": "store_2"
  },
  {
    "product_id": 2,
    "product_name": "Product 2",
    "category": "Snacks",
    "date": "2025-05-01T23:50:25.296599",
    "quantity_sold": 44,
    "revenue": 2392.4,
    "unit_price": 55.06,
    "store_id": "store_3"
  },
  {
    "product_id": 2,
    "product_name": "Product 2",
    "category": "Snacks",
    "date": "2025-05-02T23:50:25.296601",
    "quantity_sold": 38,
    "revenue": 2249.2,
    "unit_price": 55.06,
    "store_id": "store_5"
  },
  {
    "product_id": 2,
    "product_name": "Product 2",
    "category": "Snacks",
    "date": "2025-05-03T23:50:25.296603",
    "quantity_sold": 53,
    "revenue": 3091.28,
    "unit_price": 55.06,
    "store_id": "store_1"
  },
  {
    "product_id": 2,
    "product_name": "Product 2",
    "category": "Snacks",
    "date": "2025-05-04T23:50:25.296605",
    "quantity_sold": 55,
    "revenue": 3249.24,
    "unit_price": 55.06,
    "store_id": "store_5"
  },
  {
    "product_id": 2,
    "product_name": "Product 2",
    "category": "Snacks",
    "date": "2025-05-05T23:50:25.296607",
    "quantity_sold": 54,
    "revenue": 2798.95,
    "unit_price": 55.06,
    "store_id": "store_3"
  },
  {
    "product_id": 2,
    "product_name": "Product 2",
    "category": "Snacks",
    "date": "2025-05-06T23:50:25.296609",
    "quantity_sold": 45,
    "revenue": 2626.52,
    "unit_price": 55.06,
    "store_id": "store_2"
  },
  {
    "product_id": 2,
    "product_name": "Product 2",
    "category": "Snacks",
    "date": "2025-05-07T23:50:25.296611",
    "quantity_sold": 62,
    "revenue": 3467.57,
    "unit_price": 55.06,
    "store_id": "store_4"
  },
  {
    "product_id": 2,
    "product_name": "Product 2",
    "category": "Snacks",
    "date": "2025-05-08T23:50:25.296613",
    "quantity_sold": 46,
    "revenue": 2290.06,
    "unit_price": 55.06,
    "store_id": "store_1"
  },
  {
    "product_id": 2,
    "product_name": "Product 2",
    "category": "Snacks",
    "date": "2025-05-09T23:50:25.296615",
    "quantity_sold": 51,
    "revenue": 2609.98,
    "unit_price": 55.06,
    "store_id": "store_3"
  },
  {
    "product_id": 2,
    "product_name": "Product 2",
    "category": "Snacks",
    "date": "2025-05-10T23:50:25.296616",
    "quantity_sold": 37,
    "revenue": 2023.63,
    "unit_price": 55.06,
    "store_id": "store_3"
  },
  {
    "product_id": 2,
    "product_name": "Product 2",
    "category": "Snacks",
    "date": "2025-05-11T23:50:25.296618",
    "quantity_sold": 37,
    "revenue": 1898.84,
    "unit_price": 55.06,
    "store_id": "store_3"
  },
  {
    "product_id": 2,
    "product_name": "Product 2",
    "category": "Snacks",
    "date": "2025-05-12T23:50:25.296620",
    "quantity_sold": 60,
    "revenue": 3486.98,
    "unit_price": 55.06,
    "store_id": "store_1"
  },
  {
    "product_id": 2,
    "product_name": "Product 2",
    "category": "Snacks",
    "date": "2025-05-13T23:50:25.296622",
    "quantity_sold": 52,
    "revenue": 2823.23,
    "unit_price": 55.06,
    "store_id": "store_1"
  },
  {
    "product_id": 2,
    "product_name": "Product 2",
    "category": "Snacks",
    "date": "2025-05-14T23:50:25.296624",
    "quantity_sold": 41,
    "revenue": 2260.29,
    "unit_price": 55.06,
    "store_id": "store_1"
  },
  {
    "product_id": 2,
    "product_name": "Product 2",
    "category": "Snacks",
    "date": "2025-05-15T23:50:25.296626",
    "quantity_sold": 102,
    "revenue": 5164.3,
    "unit_price": 55.06,
    "store_id": "store_1"
  },
  {
    "product_id": 2,
    "product_name": "Product 2",
    "category": "Snacks",
    "date": "2025-05-16T23:50:25.296628",
    "quantity_sold": 87,
    "revenue": 4690.64,
    "unit_price": 55.06,
    "store_id": "store_2"
  },
  {
    "product_id": 2,
    "product_name": "Product 2",
    "category": "Snacks",
    "date": "2025-05-17T23:50:25.296629",
    "quantity_sold": 29,
    "revenue": 1715.73,
    "unit_price": 55.06,
    "store_id": "store_3"
  },
  {
    "product_id": 2,
    "product_name": "Product 2",
    "category": "Snacks",
    "date": "2025-05-18T23:50:25.296631",
    "quantity_sold": 34,
    "revenue": 1780.93,
    "unit_price": 55.06,
    "store_id": "store_1"
  },
  {
    "product_id": 2,
    "product_name": "Product 2",
    "category": "Snacks",
    "date": "2025-05-19T23:50:25.296633",
    "quantity_sold": 78,
    "revenue": 4447.44,
    "unit_price": 55.06,
    "store_id": "store_3"
  },
  {
    "product_id": 2,
    "product_name": "Product 2",
    "category": "Snacks",
    "date": "2025-05-20T23:50:25.296635",
    "quantity_sold": 47,
    "revenue": 2665.54,
    "unit_price": 55.06,
    "store_id": "store_4"
  },
  {
    "product_id": 2,
    "product_name": "Product 2",
    "category": "Snacks",
    "date": "2025-05-21T23:50:25.296637",
    "quantity_sold": 49,
    "revenue": 2644.15,
    "unit_price": 55.06,
    "store_id": "store_4"
  },
  {
    "product_id": 2,
    "product_name": "Product 2",
    "category": "Snacks",
    "date": "2025-05-22T23:50:25.296639",
    "quantity_sold": 48,
    "revenue": 2773.01,
    "unit_price": 55.06,
    "store_id": "store_1"
  },
  {
    "product_id": 2,
    "product_name": "Product 2",
    "category": "Snacks",
    "date": "2025-05-23T23:50:25.296641",
    "quantity_sold": 55,
    "revenue": 3198.09,
    "unit_price": 55.06,
    "store_id": "store_2"
  },
  {
    "product_id": 2,
    "product_name": "Product 2",
    "category": "Snacks",
    "date": "2025-05-24T23:50:25.296643",
    "quantity_sold": 55,
    "revenue": 3284.88,
    "unit_price": 55.06,
    "store_id": "store_5"
  },
  {
    "product_id": 2,
    "product_name": "Product 2",
    "category": "Snacks",
    "date": "2025-05-25T23:50:25.296645",
    "quantity_sold": 48,
    "revenue": 2682.08,
    "unit_price": 55.06,
    "store_id": "store_2"
  },
  {
    "product_id": 2,
    "product_name": "Product 2",
    "category": "Snacks",
    "date": "2025-05-26T23:50:25.296647",
    "quantity_sold": 61,
    "revenue": 3559.2,
    "unit_price": 55.06,
    "store_id": "store_1"
  },
  {
    "product_id": 2,
    "product_name": "Product 2",
    "category": "Snacks",
    "date": "2025-05-27T23:50:25.296649",
    "quantity_sold": 53,
    "revenue": 2751.95,
    "unit_price": 55.06,
    "store_id": "store_2"
  },
  {
    "product_id": 2,
    "product_name": "Product 2",
    "category": "Snacks",
    "date": "2025-05-28T23:50:25.296650",
    "quantity_sold": 44,
    "revenue": 2636.34,
    "unit_price": 55.06,
    "store_id": "store_2"
  },
  {
    "product_id": 2,
    "product_name": "Product 2",
    "category": "Snacks",
    "date": "2025-05-29T23:50:25.296652",
    "quantity_sold": 58,
    "revenue": 3117.64,
    "unit_price": 55.06,
    "store_id": "store_4"
  },
  {
    "product_id": 2,
    "product_name": "Product 2",
    "category": "Snacks",
    "date": "2025-05-30T23:50:25.296654",
    "quantity_sold": 65,
    "revenue": 3635.02,
    "unit_price": 55.06,
    "store_id": "store_2"
  },
  {
    "product_id": 2,
    "product_name": "Product 2",
    "category": "Snacks",
    "date": "2025-05-31T23:50:25.296656",
    "quantity_sold": 52,
    "revenue": 2704.83,
    "unit_price": 55.06,
    "store_id": "store_3"
  },
  {
    "product_id": 2,
    "product_name": "Product 2",
    "category": "Snacks",
    "date": "2025-06-01T23:50:25.296658",
    "quantity_sold": 39,
    "revenue": 2282.78,
    "unit_price": 55.06,
    "store_id": "store_4"
  },
  {
    "product_id": 2,
    "product_name": "Product 2",
    "category": "Snacks",
    "date": "2025-06-02T23:50:25.296660",
    "quantity_sold": 66,
    "revenue": 3748.68,
    "unit_price": 55.06,
    "store_id": "store_3"
  },
  {
    "product_id": 2,
    "product_name": "Product 2",
    "category": "Snacks",
    "date": "2025-06-03T23:50:25.296661",
    "quantity_sold": 67,
    "revenue": 3619.59,
    "unit_price": 55.06,
    "store_id": "store_1"
  },
  {
    "product_id": 2,
    "product_name": "Product 2",
    "category": "Snacks",
    "date": "2025-06-04T23:50:25.296663",
    "quantity_sold": 38,
    "revenue": 2125.61,
    "unit_price": 55.06,
    "store_id": "store_2"
  },
  {
    "product_id": 2,
    "product_name": "Product 2",
    "category": "Snacks",
    "date": "2025-06-05T23:50:25.296665",
    "quantity_sold": 41,
    "revenue": 2149.34,
    "unit_price": 55.06,
    "store_id": "store_4"
  },
  {
    "product_id": 2,
    "product_name": "Product 2",
    "category": "Snacks",
    "date": "2025-06-06T23:50:25.296667",
    "quantity_sold": 44,
    "revenue": 2476.54,
    "unit_price": 55.06,
    "store_id": "store_1"
  },
  {
    "product_id": 2,
    "product_name": "Product 2",
    "category": "Snacks",
    "date": "2025-06-07T23:50:25.296670",
    "quantity_sold": 45,
    "revenue": 2664.08,
    "unit_price": 55.06,
    "store_id": "store_2"
  },
  {
    "product_id": 2,
    "product_name": "Product 2",
    "category": "Snacks",
    "date": "2025-06-08T23:50:25.296672",
    "quantity_sold": 40,
    "revenue": 2385.71,
    "unit_price": 55.06,
    "store_id": "store_1"
  },
  {
    "product_id": 2,
    "product_name": "Product 2",
    "category": "Snacks",
    "date": "2025-06-09T23:50:25.296674",
    "quantity_sold": 51,
    "revenue": 2935.07,
    "unit_price": 55.06,
    "store_id": "store_5"
  },
  {
    "product_id": 2,
    "product_name": "Product 2",
    "category": "Snacks",
    "date": "2025-06-10T23:50:25.296676",
    "quantity_sold": 41,
    "revenue": 2236.74,
    "unit_price": 55.06,
    "store_id": "store_3"
  },
  {
    "product_id": 2,
    "product_name": "Product 2",
    "category": "Snacks",
    "date": "2025-06-11T23:50:25.296678",
    "quantity_sold": 84,
    "revenue": 4739.53,
    "unit_price": 55.06,
    "store_id": "store_5"
  },
  {
    "product_id": 2,
    "product_name": "Product 2",
    "category": "Snacks",
    "date": "2025-06-12T23:50:25.296680",
    "quantity_sold": 42,
    "revenue": 2261.7,
    "unit_price": 55.06,
    "store_id": "store_2"
  },
  {
    "product_id": 2,
    "product_name": "Product 2",
    "category": "Snacks",
    "date": "2025-06-13T23:50:25.296682",
    "quantity_sold": 58,
    "revenue": 3464.76,
    "unit_price": 55.06,
    "store_id": "store_5"
  },
  {
    "product_id": 2,
    "product_name": "Product 2",
    "category": "Snacks",
    "date": "2025-06-14T23:50:25.296683",
    "quantity_sold": 37,
    "revenue": 2224.65,
    "unit_price": 55.06,
    "store_id": "store_2"
  },
  {
    "product_id": 2,
    "product_name": "Product 2",
    "category": "Snacks",
    "date": "2025-06-15T23:50:25.296685",
    "quantity_sold": 42,
    "revenue": 2157.69,
    "unit_price": 55.06,
    "store_id": "store_3"
  },
  {
    "product_id": 2,
    "product_name": "Product 2",
    "category": "Snacks",
    "date": "2025-06-16T23:50:25.296687",
    "quantity_sold": 46,
    "revenue": 2493.31,
    "unit_price": 55.06,
    "store_id": "store_3"
  },
  {
    "product_id": 2,
    "product_name": "Product 2",
    "category": "Snacks",
    "date": "2025-06-17T23:50:25.296697",
    "quantity_sold": 53,
    "revenue": 2847.99,
    "unit_price": 55.06,
    "store_id": "store_4"
  },
  {
    "product_id": 2,
    "product_name": "Product 2",
    "category": "Snacks",
    "date": "2025-06-18T23:50:25.296699",
    "quantity_sold": 69,
    "revenue": 3866.2,
    "unit_price": 55.06,
    "store_id": "store_5"
  },
  {
    "product_id": 2,
    "product_name": "Product 2",
    "category": "Snacks",
    "date": "2025-06-19T23:50:25.296701",
    "quantity_sold": 72,
    "revenue": 4181.2,
    "unit_price": 55.06,
    "store_id": "store_4"
  },
  {
    "product_id": 2,
    "product_name": "Product 2",
    "category": "Snacks",
    "date": "2025-06-20T23:50:25.296703",
    "quantity_sold": 56,
    "revenue": 2842.66,
    "unit_price": 55.06,
    "store_id": "store_3"
  },
  {
    "product_id": 2,
    "product_name": "Product 2",
    "category": "Snacks",
    "date": "2025-06-21T23:50:25.296705",
    "quantity_sold": 59,
    "revenue": 3437.26,
    "unit_price": 55.06,
    "store_id": "store_4"
  },
  {
    "product_id": 2,
    "product_name": "Product 2",
    "category": "Snacks",
    "date": "2025-06-22T23:50:25.296706",
    "quantity_sold": 56,
    "revenue": 3046.08,
    "unit_price": 55.06,
    "store_id": "store_5"
  },
  {
    "product_id": 2,
    "product_name": "Product 2",
    "category": "Snacks",
    "date": "2025-06-23T23:50:25.296708",
    "quantity_sold": 59,
    "revenue": 3477.74,
    "unit_price": 55.06,
    "store_id": "store_4"
  },
  {
    "product_id": 2,
    "product_name": "Product 2",
    "category": "Snacks",
    "date": "2025-06-24T23:50:25.296710",
    "quantity_sold": 57,
    "revenue": 2831.15,
    "unit_price": 55.06,
    "store_id": "store_3"
  },
  {
    "product_id": 2,
    "product_name": "Product 2",
    "category": "Snacks",
    "date": "2025-06-25T23:50:25.296712",
    "quantity_sold": 61,
    "revenue": 3347.21,
    "unit_price": 55.06,
    "store_id": "store_1"
  },
  {
    "product_id": 2,
    "product_name": "Product 2",
    "category": "Snacks",
    "date": "2025-06-26T23:50:25.296714",
    "quantity_sold": 36,
    "revenue": 1909.68,
    "unit_price": 55.06,
    "store_id": "store_2"
  },
  {
    "product_id": 2,
    "product_name": "Product 2",
    "category": "Snacks",
    "date": "2025-06-27T23:50:25.296716",
    "quantity_sold": 46,
    "revenue": 2785.16,
    "unit_price": 55.06,
    "store_id": "store_1"
  },
  {
    "product_id": 2,
    "product_name": "Product 2",
    "category": "Snacks",
    "date": "2025-06-28T23:50:25.296718",
    "quantity_sold": 52,
    "revenue": 2649.78,
    "unit_price": 55.06,
    "store_id": "store_4"
  },
  {
    "product_id": 2,
    "product_name": "Product 2",
    "category": "Snacks",
    "date": "2025-06-29T23:50:25.296720",
    "quantity_sold": 32,
    "revenue": 1663.26,
    "unit_price": 55.06,
    "store_id": "store_2"
  },
  {
    "product_id": 2,
    "product_name": "Product 2",
    "category": "Snacks",
    "date": "2025-06-30T23:50:25.296722",
    "quantity_sold": 64,
    "revenue": 3629.61,
    "unit_price": 55.06,
    "store_id": "store_4"
  },
  {
    "product_id": 2,
    "product_name": "Product 2",
    "category": "Snacks",
    "date": "2025-07-01T23:50:25.296724",
    "quantity_sold": 57,
    "revenue": 3074.53,
    "unit_price": 55.06,
    "store_id": "store_1"
  },
  {
    "product_id": 2,
    "product_name": "Product 2",
    "category": "Snacks",
    "date": "2025-07-02T23:50:25.296726",
    "quantity_sold": 49,
    "revenue": 2567.77,
    "unit_price": 55.06,
    "store_id": "store_2"
  },
  {
    "product_id": 2,
    "product_name": "Product 2",
    "category": "Snacks",
    "date": "2025-07-03T23:50:25.296727",
    "quantity_sold": 141,
    "revenue": 8142.61,
    "unit_price": 55.06,
    "store_id": "store_5"
  },
  {
    "product_id": 2,
    "product_name": "Product 2",
    "category": "Snacks",
    "date": "2025-07-04T23:50:25.296729",
    "quantity_sold": 47,
    "revenue": 2810.28,
    "unit_price": 55.06,
    "store_id": "store_1"
  },
  {
    "product_id": 2,
    "product_name": "Product 2",
    "category": "Snacks",
    "date": "2025-07-05T23:50:25.296731",
    "quantity_sold": 60,
    "revenue": 3470.63,
    "unit_price": 55.06,
    "store_id": "store_3"
  },
  {
    "product_id": 2,
    "product_name": "Product 2",
    "category": "Snacks",
    "date": "2025-07-06T23:50:25.296733",
    "quantity_sold": 58,
    "revenue": 3235.41,
    "unit_price": 55.06,
    "store_id": "store_2"
  },
  {
    "product_id": 2,
    "product_name": "Product 2",
    "category": "Snacks",
    "date": "2025-07-07T23:50:25.296735",
    "quantity_sold": 45,
    "revenue": 2335.13,
    "unit_price": 55.06,
    "store_id": "store_1"
  },
  {
    "product_id": 2,
    "product_name": "Product 2",
    "category": "Snacks",
    "date": "2025-07-08T23:50:25.296737",
    "quantity_sold": 65,
    "revenue": 3753.86,
    "unit_price": 55.06,
    "store_id": "store_4"
  },
  {
    "product_id": 2,
    "product_name": "Product 2",
    "category": "Snacks",
    "date": "2025-07-09T23:50:25.296739",
    "quantity_sold": 112,
    "revenue": 6546.78,
    "unit_price": 55.06,
    "store_id": "store_1"
  },
  {
    "product_id": 2,
    "product_name": "Product 2",
    "category": "Snacks",
    "date": "2025-07-10T23:50:25.296741",
    "quantity_sold": 59,
    "revenue": 3077.03,
    "unit_price": 55.06,
    "store_id": "store_1"
  },
  {
    "product_id": 2,
    "product_name": "Product 2",
    "category": "Snacks",
    "date": "2025-07-11T23:50:25.296743",
    "quantity_sold": 40,
    "revenue": 2069.45,
    "unit_price": 55.06,
    "store_id": "store_3"
  },
  {
    "product_id": 2,
    "product_name": "Product 2",
    "category": "Snacks",
    "date": "2025-07-12T23:50:25.296745",
    "quantity_sold": 40,
    "revenue": 2064.55,
    "unit_price": 55.06,
    "store_id": "store_2"
  },
  {
    "product_id": 3,
    "product_name": "Product 3",
    "category": "Electronics",
    "date": "2025-04-14T23:50:25.296747",
    "quantity_sold": 46,
    "revenue": 1768.09,
    "unit_price": 36.73,
    "store_id": "store_1"
  },
  {
    "product_id": 3,
    "product_name": "Product 3",
    "category": "Electronics",
    "date": "2025-04-15T23:50:25.296749",
    "quantity_sold": 47,
    "revenue": 1831.74,
    "unit_price": 36.73,
    "store_id": "store_3"
  },
  {
    "product_id": 3,
    "product_name": "Product 3",
    "category": "Electronics",
    "date": "2025-04-16T23:50:25.296751",
    "quantity_sold": 44,
    "revenue": 1752.69,
    "unit_price": 36.73,
    "store_id": "store_2"
  },
  {
    "product_id": 3,
    "product_name": "Product 3",
    "category": "Electronics",
    "date": "2025-04-17T23:50:25.296753",
    "quantity_sold": 38,
    "revenue": 1314.19,
    "unit_price": 36.73,
    "store_id": "store_2"
  },
  {
    "product_id": 3,
    "product_name": "Product 3",
    "category": "Electronics",
    "date": "2025-04-18T23:50:25.296755",
    "quantity_sold": 36,
    "revenue": 1209.49,
    "unit_price": 36.73,
    "store_id": "store_3"
  },
  {
    "product_id": 3,
    "product_name": "Product 3",
    "category": "Electronics",
    "date": "2025-04-19T23:50:25.296757",
    "quantity_sold": 36,
    "revenue": 1394.02,
    "unit_price": 36.73,
    "store_id": "store_4"
  },
  {
    "product_id": 3,
    "product_name": "Product 3",
    "category": "Electronics",
    "date": "2025-04-20T23:50:25.296759",
    "quantity_sold": 39,
    "revenue": 1394.4,
    "unit_price": 36.73,
    "store_id": "store_5"
  },
  {
    "product_id": 3,
    "product_name": "Product 3",
    "category": "Electronics",
    "date": "2025-04-21T23:50:25.296761",
    "quantity_sold": 55,
    "revenue": 1856.31,
    "unit_price": 36.73,
    "store_id": "store_2"
  },
  {
    "product_id": 3,
    "product_name": "Product 3",
    "category": "Electronics",
    "date": "2025-04-22T23:50:25.296763",
    "quantity_sold": 58,
    "revenue": 2333.88,
    "unit_price": 36.73,
    "store_id": "store_5"
  },
  {
    "product_id": 3,
    "product_name": "Product 3",
    "category": "Electronics",
    "date": "2025-04-23T23:50:25.296764",
    "quantity_sold": 95,
    "revenue": 3454.53,
    "unit_price": 36.73,
    "store_id": "store_5"
  },
  {
    "product_id": 3,
    "product_name": "Product 3",
    "category": "Electronics",
    "date": "2025-04-24T23:50:25.296766",
    "quantity_sold": 34,
    "revenue": 1349.87,
    "unit_price": 36.73,
    "store_id": "store_5"
  },
  {
    "product_id": 3,
    "product_name": "Product 3",
    "category": "Electronics",
    "date": "2025-04-25T23:50:25.296768",
    "quantity_sold": 50,
    "revenue": 1832.81,
    "unit_price": 36.73,
    "store_id": "store_5"
  },
  {
    "product_id": 3,
    "product_name": "Product 3",
    "category": "Electronics",
    "date": "2025-04-26T23:50:25.296770",
    "quantity_sold": 28,
    "revenue": 1066.94,
    "unit_price": 36.73,
    "store_id": "store_5"
  },
  {
    "product_id": 3,
    "product_name": "Product 3",
    "category": "Electronics",
    "date": "2025-04-27T23:50:25.296772",
    "quantity_sold": 36,
    "revenue": 1392.08,
    "unit_price": 36.73,
    "store_id": "store_2"
  },
  {
    "product_id": 3,
    "product_name": "Product 3",
    "category": "Electronics",
    "date": "2025-04-28T23:50:25.296774",
    "quantity_sold": 37,
    "revenue": 1350.53,
    "unit_price": 36.73,
    "store_id": "store_3"
  },
  {
    "product_id": 3,
    "product_name": "Product 3",
    "category": "Electronics",
    "date": "2025-04-29T23:50:25.296776",
    "quantity_sold": 48,
    "revenue": 1926.0,
    "unit_price": 36.73,
    "store_id": "store_3"
  },
  {
    "product_id": 3,
    "product_name": "Product 3",
    "category": "Electronics",
    "date": "2025-04-30T23:50:25.296777",
    "quantity_sold": 61,
    "revenue": 2057.56,
    "unit_price": 36.73,
    "store_id": "store_2"
  },
  {
    "product_id": 3,
    "product_name": "Product 3",
    "category": "Electronics",
    "date": "2025-05-01T23:50:25.296779",
    "quantity_sold": 49,
    "revenue": 1724.41,
    "unit_price": 36.73,
    "store_id": "store_5"
  },
  {
    "product_id": 3,
    "product_name": "Product 3",
    "category": "Electronics",
    "date": "2025-05-02T23:50:25.296782",
    "quantity_sold": 54,
    "revenue": 1925.15,
    "unit_price": 36.73,
    "store_id": "store_5"
  },
  {
    "product_id": 3,
    "product_name": "Product 3",
    "category": "Electronics",
    "date": "2025-05-03T23:50:25.296783",
    "quantity_sold": 23,
    "revenue": 915.79,
    "unit_price": 36.73,
    "store_id": "store_2"
  },
  {
    "product_id": 3,
    "product_name": "Product 3",
    "category": "Electronics",
    "date": "2025-05-04T23:50:25.296785",
    "quantity_sold": 33,
    "revenue": 1329.98,
    "unit_price": 36.73,
    "store_id": "store_4"
  },
  {
    "product_id": 3,
    "product_name": "Product 3",
    "category": "Electronics",
    "date": "2025-05-05T23:50:25.296787",
    "quantity_sold": 52,
    "revenue": 1776.78,
    "unit_price": 36.73,
    "store_id": "store_1"
  },
  {
    "product_id": 3,
    "product_name": "Product 3",
    "category": "Electronics",
    "date": "2025-05-06T23:50:25.296789",
    "quantity_sold": 65,
    "revenue": 2620.87,
    "unit_price": 36.73,
    "store_id": "store_3"
  },
  {
    "product_id": 3,
    "product_name": "Product 3",
    "category": "Electronics",
    "date": "2025-05-07T23:50:25.296791",
    "quantity_sold": 58,
    "revenue": 2120.28,
    "unit_price": 36.73,
    "store_id": "store_1"
  },
  {
    "product_id": 3,
    "product_name": "Product 3",
    "category": "Electronics",
    "date": "2025-05-08T23:50:25.296793",
    "quantity_sold": 68,
    "revenue": 2619.76,
    "unit_price": 36.73,
    "store_id": "store_2"
  },
  {
    "product_id": 3,
    "product_name": "Product 3",
    "category": "Electronics",
    "date": "2025-05-09T23:50:25.296795",
    "quantity_sold": 67,
    "revenue": 2594.89,
    "unit_price": 36.73,
    "store_id": "store_3"
  },
  {
    "product_id": 3,
    "product_name": "Product 3",
    "category": "Electronics",
    "date": "2025-05-10T23:50:25.296797",
    "quantity_sold": 32,
    "revenue": 1192.7,
    "unit_price": 36.73,
    "store_id": "store_2"
  },
  {
    "product_id": 3,
    "product_name": "Product 3",
    "category": "Electronics",
    "date": "2025-05-11T23:50:25.296799",
    "quantity_sold": 84,
    "revenue": 3342.74,
    "unit_price": 36.73,
    "store_id": "store_4"
  },
  {
    "product_id": 3,
    "product_name": "Product 3",
    "category": "Electronics",
    "date": "2025-05-12T23:50:25.296801",
    "quantity_sold": 62,
    "revenue": 2433.64,
    "unit_price": 36.73,
    "store_id": "store_4"
  },
  {
    "product_id": 3,
    "product_name": "Product 3",
    "category": "Electronics",
    "date": "2025-05-13T23:50:25.296803",
    "quantity_sold": 46,
    "revenue": 1592.86,
    "unit_price": 36.73,
    "store_id": "store_1"
  },
  {
    "product_id": 3,
    "product_name": "Product 3",
    "category": "Electronics",
    "date": "2025-05-14T23:50:25.296804",
    "quantity_sold": 61,
    "revenue": 2141.66,
    "unit_price": 36.73,
    "store_id": "store_5"
  },
  {
    "product_id": 3,
    "product_name": "Product 3",
    "category": "Electronics",
    "date": "2025-05-15T23:50:25.296806",
    "quantity_sold": 67,
    "revenue": 2523.34,
    "unit_price": 36.73,
    "store_id": "store_1"
  },
  {
    "product_id": 3,
    "product_name": "Product 3",
    "category": "Electronics",
    "date": "2025-05-16T23:50:25.296808",
    "quantity_sold": 56,
    "revenue": 2225.19,
    "unit_price": 36.73,
    "store_id": "store_4"
  },
  {
    "product_id": 3,
    "product_name": "Product 3",
    "category": "Electronics",
    "date": "2025-05-17T23:50:25.296810",
    "quantity_sold": 29,
    "revenue": 1115.62,
    "unit_price": 36.73,
    "store_id": "store_4"
  },
  {
    "product_id": 3,
    "product_name": "Product 3",
    "category": "Electronics",
    "date": "2025-05-18T23:50:25.296812",
    "quantity_sold": 21,
    "revenue": 845.23,
    "unit_price": 36.73,
    "store_id": "store_5"
  },
  {
    "product_id": 3,
    "product_name": "Product 3",
    "category": "Electronics",
    "date": "2025-05-19T23:50:25.296814",
    "quantity_sold": 53,
    "revenue": 1975.67,
    "unit_price": 36.73,
    "store_id": "store_1"
  },
  {
    "product_id": 3,
    "product_name": "Product 3",
    "category": "Electronics",
    "date": "2025-05-20T23:50:25.296816",
    "quantity_sold": 39,
    "revenue": 1427.67,
    "unit_price": 36.73,
    "store_id": "store_4"
  },
  {
    "product_id": 3,
    "product_name": "Product 3",
    "category": "Electronics",
    "date": "2025-05-21T23:50:25.296817",
    "quantity_sold": 93,
    "revenue": 3091.72,
    "unit_price": 36.73,
    "store_id": "store_3"
  },
  {
    "product_id": 3,
    "product_name": "Product 3",
    "category": "Electronics",
    "date": "2025-05-22T23:50:25.296819",
    "quantity_sold": 68,
    "revenue": 2686.58,
    "unit_price": 36.73,
    "store_id": "store_4"
  },
  {
    "product_id": 3,
    "product_name": "Product 3",
    "category": "Electronics",
    "date": "2025-05-23T23:50:25.296821",
    "quantity_sold": 61,
    "revenue": 2196.85,
    "unit_price": 36.73,
    "store_id": "store_3"
  },
  {
    "product_id": 3,
    "product_name": "Product 3",
    "category": "Electronics",
    "date": "2025-05-24T23:50:25.296823",
    "quantity_sold": 29,
    "revenue": 1140.21,
    "unit_price": 36.73,
    "store_id": "store_4"
  },
  {
    "product_id": 3,
    "product_name": "Product 3",
    "category": "Electronics",
    "date": "2025-05-25T23:50:25.296825",
    "quantity_sold": 26,
    "revenue": 1028.69,
    "unit_price": 36.73,
    "store_id": "store_3"
  },
  {
    "product_id": 3,
    "product_name": "Product 3",
    "category": "Electronics",
    "date": "2025-05-26T23:50:25.296828",
    "quantity_sold": 36,
    "revenue": 1422.72,
    "unit_price": 36.73,
    "store_id": "store_3"
  },
  {
    "product_id": 3,
    "product_name": "Product 3",
    "category": "Electronics",
    "date": "2025-05-27T23:50:25.296830",
    "quantity_sold": 55,
    "revenue": 2115.66,
    "unit_price": 36.73,
    "store_id": "store_2"
  },
  {
    "product_id": 3,
    "product_name": "Product 3",
    "category": "Electronics",
    "date": "2025-05-28T23:50:25.296832",
    "quantity_sold": 61,
    "revenue": 2229.06,
    "unit_price": 36.73,
    "store_id": "store_4"
  },
  {
    "product_id": 3,
    "product_name": "Product 3",
    "category": "Electronics",
    "date": "2025-05-29T23:50:25.296834",
    "quantity_sold": 62,
    "revenue": 2501.79,
    "unit_price": 36.73,
    "store_id": "store_4"
  },
  {
    "product_id": 3,
    "product_name": "Product 3",
    "category": "Electronics",
    "date": "2025-05-30T23:50:25.296836",
    "quantity_sold": 36,
    "revenue": 1204.8,
    "unit_price": 36.73,
    "store_id": "store_3"
  },
  {
    "product_id": 3,
    "product_name": "Product 3",
    "category": "Electronics",
    "date": "2025-05-31T23:50:25.296837",
    "quantity_sold": 38,
    "revenue": 1465.16,
    "unit_price": 36.73,
    "store_id": "store_4"
  },
  {
    "product_id": 3,
    "product_name": "Product 3",
    "category": "Electronics",
    "date": "2025-06-01T23:50:25.296839",
    "quantity_sold": 24,
    "revenue": 892.57,
    "unit_price": 36.73,
    "store_id": "store_2"
  },
  {
    "product_id": 3,
    "product_name": "Product 3",
    "category": "Electronics",
    "date": "2025-06-02T23:50:25.296841",
    "quantity_sold": 54,
    "revenue": 2099.46,
    "unit_price": 36.73,
    "store_id": "store_4"
  },
  {
    "product_id": 3,
    "product_name": "Product 3",
    "category": "Electronics",
    "date": "2025-06-03T23:50:25.296843",
    "quantity_sold": 61,
    "revenue": 2175.96,
    "unit_price": 36.73,
    "store_id": "store_2"
  },
  {
    "product_id": 3,
    "product_name": "Product 3",
    "category": "Electronics",
    "date": "2025-06-04T23:50:25.296845",
    "quantity_sold": 37,
    "revenue": 1405.62,
    "unit_price": 36.73,
    "store_id": "store_4"
  },
  {
    "product_id": 3,
    "product_name": "Product 3",
    "category": "Electronics",
    "date": "2025-06-05T23:50:25.296847",
    "quantity_sold": 124,
    "revenue": 4144.91,
    "unit_price": 36.73,
    "store_id": "store_4"
  },
  {
    "product_id": 3,
    "product_name": "Product 3",
    "category": "Electronics",
    "date": "2025-06-06T23:50:25.296849",
    "quantity_sold": 41,
    "revenue": 1602.3,
    "unit_price": 36.73,
    "store_id": "store_1"
  },
  {
    "product_id": 3,
    "product_name": "Product 3",
    "category": "Electronics",
    "date": "2025-06-07T23:50:25.296851",
    "quantity_sold": 30,
    "revenue": 1150.76,
    "unit_price": 36.73,
    "store_id": "store_3"
  },
  {
    "product_id": 3,
    "product_name": "Product 3",
    "category": "Electronics",
    "date": "2025-06-08T23:50:25.296853",
    "quantity_sold": 28,
    "revenue": 1025.92,
    "unit_price": 36.73,
    "store_id": "store_5"
  },
  {
    "product_id": 3,
    "product_name": "Product 3",
    "category": "Electronics",
    "date": "2025-06-09T23:50:25.296854",
    "quantity_sold": 36,
    "revenue": 1195.9,
    "unit_price": 36.73,
    "store_id": "store_5"
  },
  {
    "product_id": 3,
    "product_name": "Product 3",
    "category": "Electronics",
    "date": "2025-06-10T23:50:25.296856",
    "quantity_sold": 48,
    "revenue": 1873.17,
    "unit_price": 36.73,
    "store_id": "store_1"
  },
  {
    "product_id": 3,
    "product_name": "Product 3",
    "category": "Electronics",
    "date": "2025-06-11T23:50:25.296858",
    "quantity_sold": 70,
    "revenue": 2712.1,
    "unit_price": 36.73,
    "store_id": "store_1"
  },
  {
    "product_id": 3,
    "product_name": "Product 3",
    "category": "Electronics",
    "date": "2025-06-12T23:50:25.296860",
    "quantity_sold": 42,
    "revenue": 1462.5,
    "unit_price": 36.73,
    "store_id": "store_4"
  },
  {
    "product_id": 3,
    "product_name": "Product 3",
    "category": "Electronics",
    "date": "2025-06-13T23:50:25.296861",
    "quantity_sold": 66,
    "revenue": 2572.98,
    "unit_price": 36.73,
    "store_id": "store_2"
  },
  {
    "product_id": 3,
    "product_name": "Product 3",
    "category": "Electronics",
    "date": "2025-06-14T23:50:25.296863",
    "quantity_sold": 43,
    "revenue": 1639.77,
    "unit_price": 36.73,
    "store_id": "store_4"
  },
  {
    "product_id": 3,
    "product_name": "Product 3",
    "category": "Electronics",
    "date": "2025-06-15T23:50:25.296865",
    "quantity_sold": 28,
    "revenue": 935.34,
    "unit_price": 36.73,
    "store_id": "store_2"
  },
  {
    "product_id": 3,
    "product_name": "Product 3",
    "category": "Electronics",
    "date": "2025-06-16T23:50:25.296866",
    "quantity_sold": 71,
    "revenue": 2694.49,
    "unit_price": 36.73,
    "store_id": "store_4"
  },
  {
    "product_id": 3,
    "product_name": "Product 3",
    "category": "Electronics",
    "date": "2025-06-17T23:50:25.296868",
    "quantity_sold": 36,
    "revenue": 1220.88,
    "unit_price": 36.73,
    "store_id": "store_1"
  },
  {
    "product_id": 3,
    "product_name": "Product 3",
    "category": "Electronics",
    "date": "2025-06-18T23:50:25.296870",
    "quantity_sold": 53,
    "revenue": 1860.92,
    "unit_price": 36.73,
    "store_id": "store_4"
  },
  {
    "product_id": 3,
    "product_name": "Product 3",
    "category": "Electronics",
    "date": "2025-06-19T23:50:25.296872",
    "quantity_sold": 65,
    "revenue": 2567.9,
    "unit_price": 36.73,
    "store_id": "store_3"
  },
  {
    "product_id": 3,
    "product_name": "Product 3",
    "category": "Electronics",
    "date": "2025-06-20T23:50:25.296873",
    "quantity_sold": 36,
    "revenue": 1350.23,
    "unit_price": 36.73,
    "store_id": "store_4"
  },
  {
    "product_id": 3,
    "product_name": "Product 3",
    "category": "Electronics",
    "date": "2025-06-21T23:50:25.296875",
    "quantity_sold": 38,
    "revenue": 1455.69,
    "unit_price": 36.73,
    "store_id": "store_3"
  },
  {
    "product_id": 3,
    "product_name": "Product 3",
    "category": "Electronics",
    "date": "2025-06-22T23:50:25.296877",
    "quantity_sold": 41,
    "revenue": 1460.56,
    "unit_price": 36.73,
    "store_id": "store_4"
  },
  {
    "product_id": 3,
    "product_name": "Product 3",
    "category": "Electronics",
    "date": "2025-06-23T23:50:25.296879",
    "quantity_sold": 57,
    "revenue": 2000.72,
    "unit_price": 36.73,
    "store_id": "store_3"
  },
  {
    "product_id": 3,
    "product_name": "Product 3",
    "category": "Electronics",
    "date": "2025-06-24T23:50:25.296880",
    "quantity_sold": 83,
    "revenue": 2909.82,
    "unit_price": 36.73,
    "store_id": "store_3"
  },
  {
    "product_id": 3,
    "product_name": "Product 3",
    "category": "Electronics",
    "date": "2025-06-25T23:50:25.296882",
    "quantity_sold": 40,
    "revenue": 1579.58,
    "unit_price": 36.73,
    "store_id": "store_2"
  },
  {
    "product_id": 3,
    "product_name": "Product 3",
    "category": "Electronics",
    "date": "2025-06-26T23:50:25.296884",
    "quantity_sold": 67,
    "revenue": 2518.47,
    "unit_price": 36.73,
    "store_id": "store_1"
  },
  {
    "product_id": 3,
    "product_name": "Product 3",
    "category": "Electronics",
    "date": "2025-06-27T23:50:25.296885",
    "quantity_sold": 43,
    "revenue": 1727.17,
    "unit_price": 36.73,
    "store_id": "store_5"
  },
  {
    "product_id": 3,
    "product_name": "Product 3",
    "category": "Electronics",
    "date": "2025-06-28T23:50:25.296887",
    "quantity_sold": 24,
    "revenue": 902.27,
    "unit_price": 36.73,
    "store_id": "store_1"
  },
  {
    "product_id": 3,
    "product_name": "Product 3",
    "category": "Electronics",
    "date": "2025-06-29T23:50:25.296889",
    "quantity_sold": 30,
    "revenue": 1019.56,
    "unit_price": 36.73,
    "store_id": "store_4"
  },
  {
    "product_id": 3,
    "product_name": "Product 3",
    "category": "Electronics",
    "date": "2025-06-30T23:50:25.296890",
    "quantity_sold": 54,
    "revenue": 2071.09,
    "unit_price": 36.73,
    "store_id": "store_5"
  },
  {
    "product_id": 3,
    "product_name": "Product 3",
    "category": "Electronics",
    "date": "2025-07-01T23:50:25.296892",
    "quantity_sold": 58,
    "revenue": 2226.55,
    "unit_price": 36.73,
    "store_id": "store_1"
  },
  {
    "product_id": 3,
    "product_name": "Product 3",
    "category": "Electronics",
    "date": "2025-07-02T23:50:25.296894",
    "quantity_sold": 44,
    "revenue": 1679.16,
    "unit_price": 36.73,
    "store_id": "store_1"
  },
  {
    "product_id": 3,
    "product_name": "Product 3",
    "category": "Electronics",
    "date": "2025-07-03T23:50:25.296896",
    "quantity_sold": 52,
    "revenue": 2013.52,
    "unit_price": 36.73,
    "store_id": "store_1"
  },
  {
    "product_id": 3,
    "product_name": "Product 3",
    "category": "Electronics",
    "date": "2025-07-04T23:50:25.296897",
    "quantity_sold": 55,
    "revenue": 2004.72,
    "unit_price": 36.73,
    "store_id": "store_2"
  },
  {
    "product_id": 3,
    "product_name": "Product 3",
    "category": "Electronics",
    "date": "2025-07-05T23:50:25.296899",
    "quantity_sold": 37,
    "revenue": 1413.24,
    "unit_price": 36.73,
    "store_id": "store_5"
  },
  {
    "product_id": 3,
    "product_name": "Product 3",
    "category": "Electronics",
    "date": "2025-07-06T23:50:25.296901",
    "quantity_sold": 28,
    "revenue": 1094.07,
    "unit_price": 36.73,
    "store_id": "store_5"
  },
  {
    "product_id": 3,
    "product_name": "Product 3",
    "category": "Electronics",
    "date": "2025-07-07T23:50:25.296902",
    "quantity_sold": 52,
    "revenue": 1966.72,
    "unit_price": 36.73,
    "store_id": "store_2"
  },
  {
    "product_id": 3,
    "product_name": "Product 3",
    "category": "Electronics",
    "date": "2025-07-08T23:50:25.296904",
    "quantity_sold": 42,
    "revenue": 1512.48,
    "unit_price": 36.73,
    "store_id": "store_3"
  },
  {
    "product_id": 3,
    "product_name": "Product 3",
    "category": "Electronics",
    "date": "2025-07-09T23:50:25.296906",
    "quantity_sold": 38,
    "revenue": 1415.88,
    "unit_price": 36.73,
    "store_id": "store_1"
  },
  {
    "product_id": 3,
    "product_name": "Product 3",
    "category": "Electronics",
    "date": "2025-07-10T23:50:25.296907",
    "quantity_sold": 38,
    "revenue": 1310.39,
    "unit_price": 36.73,
    "store_id": "store_5"
  },
  {
    "product_id": 3,
    "product_name": "Product 3",
    "category": "Electronics",
    "date": "2025-07-11T23:50:25.296909",
    "quantity_sold": 65,
    "revenue": 2537.24,
    "unit_price": 36.73,
    "store_id": "store_1"
  },
  {
    "product_id": 3,
    "product_name": "Product 3",
    "category": "Electronics",
    "date": "2025-07-12T23:50:25.296911",
    "quantity_sold": 25,
    "revenue": 930.29,
    "unit_price": 36.73,
    "store_id": "store_5"
  },
  {
    "product_id": 4,
    "product_name": "Product 4",
    "category": "Clothing",
    "date": "2025-04-14T23:50:25.296913",
    "quantity_sold": 35,
    "revenue": 2198.42,
    "unit_price": 58.09,
    "store_id": "store_5"
  },
  {
    "product_id": 4,
    "product_name": "Product 4",
    "category": "Clothing",
    "date": "2025-04-15T23:50:25.296915",
    "quantity_sold": 37,
    "revenue": 2178.46,
    "unit_price": 58.09,
    "store_id": "store_4"
  },
  {
    "product_id": 4,
    "product_name": "Product 4",
    "category": "Clothing",
    "date": "2025-04-16T23:50:25.296917",
    "quantity_sold": 33,
    "revenue": 1772.77,
    "unit_price": 58.09,
    "store_id": "store_4"
  },
  {
    "product_id": 4,
    "product_name": "Product 4",
    "category": "Clothing",
    "date": "2025-04-17T23:50:25.296918",
    "quantity_sold": 41,
    "revenue": 2501.85,
    "unit_price": 58.09,
    "store_id": "store_3"
  },
  {
    "product_id": 4,
    "product_name": "Product 4",
    "category": "Clothing",
    "date": "2025-04-18T23:50:25.296920",
    "quantity_sold": 42,
    "revenue": 2525.31,
    "unit_price": 58.09,
    "store_id": "store_3"
  },
  {
    "product_id": 4,
    "product_name": "Product 4",
    "category": "Clothing",
    "date": "2025-04-19T23:50:25.296922",
    "quantity_sold": 30,
    "revenue": 1839.16,
    "unit_price": 58.09,
    "store_id": "store_5"
  },
  {
    "product_id": 4,
    "product_name": "Product 4",
    "category": "Clothing",
    "date": "2025-04-20T23:50:25.296923",
    "quantity_sold": 31,
    "revenue": 1625.24,
    "unit_price": 58.09,
    "store_id": "store_5"
  },
  {
    "product_id": 4,
    "product_name": "Product 4",
    "category": "Clothing",
    "date": "2025-04-21T23:50:25.296925",
    "quantity_sold": 87,
    "revenue": 5295.47,
    "unit_price": 58.09,
    "store_id": "store_4"
  },
  {
    "product_id": 4,
    "product_name": "Product 4",
    "category": "Clothing",
    "date": "2025-04-22T23:50:25.296927",
    "quantity_sold": 41,
    "revenue": 2217.12,
    "unit_price": 58.09,
    "store_id": "store_1"
  },
  {
    "product_id": 4,
    "product_name": "Product 4",
    "category": "Clothing",
    "date": "2025-04-23T23:50:25.296929",
    "quantity_sold": 35,
    "revenue": 2014.56,
    "unit_price": 58.09,
    "store_id": "store_2"
  },
  {
    "product_id": 4,
    "product_name": "Product 4",
    "category": "Clothing",
    "date": "2025-04-24T23:50:25.296931",
    "quantity_sold": 41,
    "revenue": 2597.86,
    "unit_price": 58.09,
    "store_id": "store_2"
  },
  {
    "product_id": 4,
    "product_name": "Product 4",
    "category": "Clothing",
    "date": "2025-04-25T23:50:25.296934",
    "quantity_sold": 29,
    "revenue": 1735.47,
    "unit_price": 58.09,
    "store_id": "store_2"
  },
  {
    "product_id": 4,
    "product_name": "Product 4",
    "category": "Clothing",
    "date": "2025-04-26T23:50:25.296937",
    "quantity_sold": 26,
    "revenue": 1451.59,
    "unit_price": 58.09,
    "store_id": "store_2"
  },
  {
    "product_id": 4,
    "product_name": "Product 4",
    "category": "Clothing",
    "date": "2025-04-27T23:50:25.296939",
    "quantity_sold": 27,
    "revenue": 1689.14,
    "unit_price": 58.09,
    "store_id": "store_2"
  },
  {
    "product_id": 4,
    "product_name": "Product 4",
    "category": "Clothing",
    "date": "2025-04-28T23:50:25.296940",
    "quantity_sold": 37,
    "revenue": 2237.72,
    "unit_price": 58.09,
    "store_id": "store_5"
  },
  {
    "product_id": 4,
    "product_name": "Product 4",
    "category": "Clothing",
    "date": "2025-04-29T23:50:25.296942",
    "quantity_sold": 33,
    "revenue": 1780.09,
    "unit_price": 58.09,
    "store_id": "store_2"
  },
  {
    "product_id": 4,
    "product_name": "Product 4",
    "category": "Clothing",
    "date": "2025-04-30T23:50:25.296944",
    "quantity_sold": 31,
    "revenue": 1882.14,
    "unit_price": 58.09,
    "store_id": "store_3"
  },
  {
    "product_id": 4,
    "product_name": "Product 4",
    "category": "Clothing",
    "date": "2025-05-01T23:50:25.296946",
    "quantity_sold": 43,
    "revenue": 2340.76,
    "unit_price": 58.09,
    "store_id": "store_3"
  },
  {
    "product_id": 4,
    "product_name": "Product 4",
    "category": "Clothing",
    "date": "2025-05-02T23:50:25.296947",
    "quantity_sold": 54,
    "revenue": 3446.57,
    "unit_price": 58.09,
    "store_id": "store_3"
  },
  {
    "product_id": 4,
    "product_name": "Product 4",
    "category": "Clothing",
    "date": "2025-05-03T23:50:25.296949",
    "quantity_sold": 63,
    "revenue": 3522.67,
    "unit_price": 58.09,
    "store_id": "store_4"
  },
  {
    "product_id": 4,
    "product_name": "Product 4",
    "category": "Clothing",
    "date": "2025-05-04T23:50:25.296951",
    "quantity_sold": 22,
    "revenue": 1361.49,
    "unit_price": 58.09,
    "store_id": "store_2"
  },
  {
    "product_id": 4,
    "product_name": "Product 4",
    "category": "Clothing",
    "date": "2025-05-05T23:50:25.296953",
    "quantity_sold": 31,
    "revenue": 1913.68,
    "unit_price": 58.09,
    "store_id": "store_4"
  },
  {
    "product_id": 4,
    "product_name": "Product 4",
    "category": "Clothing",
    "date": "2025-05-06T23:50:25.296954",
    "quantity_sold": 52,
    "revenue": 2784.84,
    "unit_price": 58.09,
    "store_id": "store_1"
  },
  {
    "product_id": 4,
    "product_name": "Product 4",
    "category": "Clothing",
    "date": "2025-05-07T23:50:25.296956",
    "quantity_sold": 40,
    "revenue": 2151.55,
    "unit_price": 58.09,
    "store_id": "store_2"
  },
  {
    "product_id": 4,
    "product_name": "Product 4",
    "category": "Clothing",
    "date": "2025-05-08T23:50:25.296958",
    "quantity_sold": 38,
    "revenue": 2217.07,
    "unit_price": 58.09,
    "store_id": "store_3"
  },
  {
    "product_id": 4,
    "product_name": "Product 4",
    "category": "Clothing",
    "date": "2025-05-09T23:50:25.296960",
    "quantity_sold": 36,
    "revenue": 2202.21,
    "unit_price": 58.09,
    "store_id": "store_5"
  },
  {
    "product_id": 4,
    "product_name": "Product 4",
    "category": "Clothing",
    "date": "2025-05-10T23:50:25.296961",
    "quantity_sold": 28,
    "revenue": 1722.9,
    "unit_price": 58.09,
    "store_id": "store_5"
  },
  {
    "product_id": 4,
    "product_name": "Product 4",
    "category": "Clothing",
    "date": "2025-05-11T23:50:25.296963",
    "quantity_sold": 30,
    "revenue": 1743.8,
    "unit_price": 58.09,
    "store_id": "store_5"
  },
  {
    "product_id": 4,
    "product_name": "Product 4",
    "category": "Clothing",
    "date": "2025-05-12T23:50:25.296965",
    "quantity_sold": 29,
    "revenue": 1803.45,
    "unit_price": 58.09,
    "store_id": "store_3"
  },
  {
    "product_id": 4,
    "product_name": "Product 4",
    "category": "Clothing",
    "date": "2025-05-13T23:50:25.296966",
    "quantity_sold": 37,
    "revenue": 2161.76,
    "unit_price": 58.09,
    "store_id": "store_2"
  },
  {
    "product_id": 4,
    "product_name": "Product 4",
    "category": "Clothing",
    "date": "2025-05-14T23:50:25.296969",
    "quantity_sold": 35,
    "revenue": 2207.61,
    "unit_price": 58.09,
    "store_id": "store_3"
  },
  {
    "product_id": 4,
    "product_name": "Product 4",
    "category": "Clothing",
    "date": "2025-05-15T23:50:25.296971",
    "quantity_sold": 50,
    "revenue": 2634.37,
    "unit_price": 58.09,
    "store_id": "store_1"
  },
  {
    "product_id": 4,
    "product_name": "Product 4",
    "category": "Clothing",
    "date": "2025-05-16T23:50:25.296972",
    "quantity_sold": 41,
    "revenue": 2369.52,
    "unit_price": 58.09,
    "store_id": "store_3"
  },
  {
    "product_id": 4,
    "product_name": "Product 4",
    "category": "Clothing",
    "date": "2025-05-17T23:50:25.296974",
    "quantity_sold": 29,
    "revenue": 1666.38,
    "unit_price": 58.09,
    "store_id": "store_1"
  },
  {
    "product_id": 4,
    "product_name": "Product 4",
    "category": "Clothing",
    "date": "2025-05-18T23:50:25.296976",
    "quantity_sold": 18,
    "revenue": 1121.47,
    "unit_price": 58.09,
    "store_id": "store_4"
  },
  {
    "product_id": 4,
    "product_name": "Product 4",
    "category": "Clothing",
    "date": "2025-05-19T23:50:25.296979",
    "quantity_sold": 28,
    "revenue": 1711.19,
    "unit_price": 58.09,
    "store_id": "store_1"
  },
  {
    "product_id": 4,
    "product_name": "Product 4",
    "category": "Clothing",
    "date": "2025-05-20T23:50:25.296981",
    "quantity_sold": 47,
    "revenue": 2934.12,
    "unit_price": 58.09,
    "store_id": "store_1"
  },
  {
    "product_id": 4,
    "product_name": "Product 4",
    "category": "Clothing",
    "date": "2025-05-21T23:50:25.296983",
    "quantity_sold": 52,
    "revenue": 3096.21,
    "unit_price": 58.09,
    "store_id": "store_5"
  },
  {
    "product_id": 4,
    "product_name": "Product 4",
    "category": "Clothing",
    "date": "2025-05-22T23:50:25.296985",
    "quantity_sold": 36,
    "revenue": 2108.22,
    "unit_price": 58.09,
    "store_id": "store_4"
  },
  {
    "product_id": 4,
    "product_name": "Product 4",
    "category": "Clothing",
    "date": "2025-05-23T23:50:25.296988",
    "quantity_sold": 39,
    "revenue": 2114.31,
    "unit_price": 58.09,
    "store_id": "store_1"
  },
  {
    "product_id": 4,
    "product_name": "Product 4",
    "category": "Clothing",
    "date": "2025-05-24T23:50:25.296999",
    "quantity_sold": 25,
    "revenue": 1371.8,
    "unit_price": 58.09,
    "store_id": "store_5"
  },
  {
    "product_id": 4,
    "product_name": "Product 4",
    "category": "Clothing",
    "date": "2025-05-25T23:50:25.297008",
    "quantity_sold": 27,
    "revenue": 1642.41,
    "unit_price": 58.09,
    "store_id": "store_4"
  },
  {
    "product_id": 4,
    "product_name": "Product 4",
    "category": "Clothing",
    "date": "2025-05-26T23:50:25.297011",
    "quantity_sold": 40,
    "revenue": 2173.86,
    "unit_price": 58.09,
    "store_id": "store_4"
  },
  {
    "product_id": 4,
    "product_name": "Product 4",
    "category": "Clothing",
    "date": "2025-05-27T23:50:25.297013",
    "quantity_sold": 34,
    "revenue": 2008.1,
    "unit_price": 58.09,
    "store_id": "store_3"
  },
  {
    "product_id": 4,
    "product_name": "Product 4",
    "category": "Clothing",
    "date": "2025-05-28T23:50:25.297016",
    "quantity_sold": 47,
    "revenue": 2808.72,
    "unit_price": 58.09,
    "store_id": "store_5"
  },
  {
    "product_id": 4,
    "product_name": "Product 4",
    "category": "Clothing",
    "date": "2025-05-29T23:50:25.297018",
    "quantity_sold": 35,
    "revenue": 2052.89,
    "unit_price": 58.09,
    "store_id": "store_4"
  },
  {
    "product_id": 4,
    "product_name": "Product 4",
    "category": "Clothing",
    "date": "2025-05-30T23:50:25.297019",
    "quantity_sold": 36,
    "revenue": 2244.24,
    "unit_price": 58.09,
    "store_id": "store_4"
  },
  {
    "product_id": 4,
    "product_name": "Product 4",
    "category": "Clothing",
    "date": "2025-05-31T23:50:25.297021",
    "quantity_sold": 25,
    "revenue": 1440.96,
    "unit_price": 58.09,
    "store_id": "store_2"
  },
  {
    "product_id": 4,
    "product_name": "Product 4",
    "category": "Clothing",
    "date": "2025-06-01T23:50:25.297023",
    "quantity_sold": 19,
    "revenue": 1076.13,
    "unit_price": 58.09,
    "store_id": "store_1"
  },
  {
    "product_id": 4,
    "product_name": "Product 4",
    "category": "Clothing",
    "date": "2025-06-02T23:50:25.297025",
    "quantity_sold": 37,
    "revenue": 1937.2,
    "unit_price": 58.09,
    "store_id": "store_3"
  },
  {
    "product_id": 4,
    "product_name": "Product 4",
    "category": "Clothing",
    "date": "2025-06-03T23:50:25.297027",
    "quantity_sold": 42,
    "revenue": 2328.92,
    "unit_price": 58.09,
    "store_id": "store_5"
  },
  {
    "product_id": 4,
    "product_name": "Product 4",
    "category": "Clothing",
    "date": "2025-06-04T23:50:25.297029",
    "quantity_sold": 52,
    "revenue": 3235.86,
    "unit_price": 58.09,
    "store_id": "store_5"
  },
  {
    "product_id": 4,
    "product_name": "Product 4",
    "category": "Clothing",
    "date": "2025-06-05T23:50:25.297031",
    "quantity_sold": 48,
    "revenue": 2909.01,
    "unit_price": 58.09,
    "store_id": "store_2"
  },
  {
    "product_id": 4,
    "product_name": "Product 4",
    "category": "Clothing",
    "date": "2025-06-06T23:50:25.297033",
    "quantity_sold": 47,
    "revenue": 2599.17,
    "unit_price": 58.09,
    "store_id": "store_5"
  },
  {
    "product_id": 4,
    "product_name": "Product 4",
    "category": "Clothing",
    "date": "2025-06-07T23:50:25.297035",
    "quantity_sold": 21,
    "revenue": 1134.59,
    "unit_price": 58.09,
    "store_id": "store_2"
  },
  {
    "product_id": 4,
    "product_name": "Product 4",
    "category": "Clothing",
    "date": "2025-06-08T23:50:25.297037",
    "quantity_sold": 23,
    "revenue": 1205.42,
    "unit_price": 58.09,
    "store_id": "store_1"
  },
  {
    "product_id": 4,
    "product_name": "Product 4",
    "category": "Clothing",
    "date": "2025-06-09T23:50:25.297038",
    "quantity_sold": 40,
    "revenue": 2474.5,
    "unit_price": 58.09,
    "store_id": "store_5"
  },
  {
    "product_id": 4,
    "product_name": "Product 4",
    "category": "Clothing",
    "date": "2025-06-10T23:50:25.297040",
    "quantity_sold": 40,
    "revenue": 2466.51,
    "unit_price": 58.09,
    "store_id": "store_1"
  },
  {
    "product_id": 4,
    "product_name": "Product 4",
    "category": "Clothing",
    "date": "2025-06-11T23:50:25.297042",
    "quantity_sold": 41,
    "revenue": 2520.17,
    "unit_price": 58.09,
    "store_id": "store_4"
  },
  {
    "product_id": 4,
    "product_name": "Product 4",
    "category": "Clothing",
    "date": "2025-06-12T23:50:25.297045",
    "quantity_sold": 32,
    "revenue": 1772.36,
    "unit_price": 58.09,
    "store_id": "store_3"
  },
  {
    "product_id": 4,
    "product_name": "Product 4",
    "category": "Clothing",
    "date": "2025-06-13T23:50:25.297047",
    "quantity_sold": 53,
    "revenue": 3378.72,
    "unit_price": 58.09,
    "store_id": "store_2"
  },
  {
    "product_id": 4,
    "product_name": "Product 4",
    "category": "Clothing",
    "date": "2025-06-14T23:50:25.297048",
    "quantity_sold": 31,
    "revenue": 1778.31,
    "unit_price": 58.09,
    "store_id": "store_5"
  },
  {
    "product_id": 4,
    "product_name": "Product 4",
    "category": "Clothing",
    "date": "2025-06-15T23:50:25.297050",
    "quantity_sold": 34,
    "revenue": 1870.74,
    "unit_price": 58.09,
    "store_id": "store_4"
  },
  {
    "product_id": 4,
    "product_name": "Product 4",
    "category": "Clothing",
    "date": "2025-06-16T23:50:25.297052",
    "quantity_sold": 53,
    "revenue": 3247.42,
    "unit_price": 58.09,
    "store_id": "store_4"
  },
  {
    "product_id": 4,
    "product_name": "Product 4",
    "category": "Clothing",
    "date": "2025-06-17T23:50:25.297054",
    "quantity_sold": 58,
    "revenue": 3257.75,
    "unit_price": 58.09,
    "store_id": "store_3"
  },
  {
    "product_id": 4,
    "product_name": "Product 4",
    "category": "Clothing",
    "date": "2025-06-18T23:50:25.297056",
    "quantity_sold": 37,
    "revenue": 2195.71,
    "unit_price": 58.09,
    "store_id": "store_2"
  },
  {
    "product_id": 4,
    "product_name": "Product 4",
    "category": "Clothing",
    "date": "2025-06-19T23:50:25.297058",
    "quantity_sold": 39,
    "revenue": 2341.13,
    "unit_price": 58.09,
    "store_id": "store_1"
  },
  {
    "product_id": 4,
    "product_name": "Product 4",
    "category": "Clothing",
    "date": "2025-06-20T23:50:25.297059",
    "quantity_sold": 29,
    "revenue": 1551.82,
    "unit_price": 58.09,
    "store_id": "store_1"
  },
  {
    "product_id": 4,
    "product_name": "Product 4",
    "category": "Clothing",
    "date": "2025-06-21T23:50:25.297062",
    "quantity_sold": 29,
    "revenue": 1800.72,
    "unit_price": 58.09,
    "store_id": "store_5"
  },
  {
    "product_id": 4,
    "product_name": "Product 4",
    "category": "Clothing",
    "date": "2025-06-22T23:50:25.297063",
    "quantity_sold": 31,
    "revenue": 1915.08,
    "unit_price": 58.09,
    "store_id": "store_4"
  },
  {
    "product_id": 4,
    "product_name": "Product 4",
    "category": "Clothing",
    "date": "2025-06-23T23:50:25.297065",
    "quantity_sold": 54,
    "revenue": 3293.34,
    "unit_price": 58.09,
    "store_id": "store_5"
  },
  {
    "product_id": 4,
    "product_name": "Product 4",
    "category": "Clothing",
    "date": "2025-06-24T23:50:25.297067",
    "quantity_sold": 30,
    "revenue": 1809.36,
    "unit_price": 58.09,
    "store_id": "store_1"
  },
  {
    "product_id": 4,
    "product_name": "Product 4",
    "category": "Clothing",
    "date": "2025-06-25T23:50:25.297069",
    "quantity_sold": 48,
    "revenue": 2934.38,
    "unit_price": 58.09,
    "store_id": "store_1"
  },
  {
    "product_id": 4,
    "product_name": "Product 4",
    "category": "Clothing",
    "date": "2025-06-26T23:50:25.297071",
    "quantity_sold": 36,
    "revenue": 2205.58,
    "unit_price": 58.09,
    "store_id": "store_2"
  },
  {
    "product_id": 4,
    "product_name": "Product 4",
    "category": "Clothing",
    "date": "2025-06-27T23:50:25.297073",
    "quantity_sold": 33,
    "revenue": 2045.09,
    "unit_price": 58.09,
    "store_id": "store_1"
  },
  {
    "product_id": 4,
    "product_name": "Product 4",
    "category": "Clothing",
    "date": "2025-06-28T23:50:25.297075",
    "quantity_sold": 33,
    "revenue": 1812.42,
    "unit_price": 58.09,
    "store_id": "store_4"
  },
  {
    "product_id": 4,
    "product_name": "Product 4",
    "category": "Clothing",
    "date": "2025-06-29T23:50:25.297076",
    "quantity_sold": 28,
    "revenue": 1709.1,
    "unit_price": 58.09,
    "store_id": "store_4"
  },
  {
    "product_id": 4,
    "product_name": "Product 4",
    "category": "Clothing",
    "date": "2025-06-30T23:50:25.297078",
    "quantity_sold": 32,
    "revenue": 1702.38,
    "unit_price": 58.09,
    "store_id": "store_5"
  },
  {
    "product_id": 4,
    "product_name": "Product 4",
    "category": "Clothing",
    "date": "2025-07-01T23:50:25.297080",
    "quantity_sold": 46,
    "revenue": 2702.98,
    "unit_price": 58.09,
    "store_id": "store_4"
  },
  {
    "product_id": 4,
    "product_name": "Product 4",
    "category": "Clothing",
    "date": "2025-07-02T23:50:25.297082",
    "quantity_sold": 46,
    "revenue": 2569.47,
    "unit_price": 58.09,
    "store_id": "store_1"
  },
  {
    "product_id": 4,
    "product_name": "Product 4",
    "category": "Clothing",
    "date": "2025-07-03T23:50:25.297084",
    "quantity_sold": 32,
    "revenue": 1973.03,
    "unit_price": 58.09,
    "store_id": "store_5"
  },
  {
    "product_id": 4,
    "product_name": "Product 4",
    "category": "Clothing",
    "date": "2025-07-04T23:50:25.297086",
    "quantity_sold": 41,
    "revenue": 2300.91,
    "unit_price": 58.09,
    "store_id": "store_2"
  },
  {
    "product_id": 4,
    "product_name": "Product 4",
    "category": "Clothing",
    "date": "2025-07-05T23:50:25.297088",
    "quantity_sold": 32,
    "revenue": 1676.81,
    "unit_price": 58.09,
    "store_id": "store_5"
  },
  {
    "product_id": 4,
    "product_name": "Product 4",
    "category": "Clothing",
    "date": "2025-07-06T23:50:25.297090",
    "quantity_sold": 32,
    "revenue": 1925.65,
    "unit_price": 58.09,
    "store_id": "store_3"
  },
  {
    "product_id": 4,
    "product_name": "Product 4",
    "category": "Clothing",
    "date": "2025-07-07T23:50:25.297092",
    "quantity_sold": 50,
    "revenue": 2979.3,
    "unit_price": 58.09,
    "store_id": "store_1"
  },
  {
    "product_id": 4,
    "product_name": "Product 4",
    "category": "Clothing",
    "date": "2025-07-08T23:50:25.297093",
    "quantity_sold": 51,
    "revenue": 3205.05,
    "unit_price": 58.09,
    "store_id": "store_1"
  },
  {
    "product_id": 4,
    "product_name": "Product 4",
    "category": "Clothing",
    "date": "2025-07-09T23:50:25.297095",
    "quantity_sold": 42,
    "revenue": 2542.31,
    "unit_price": 58.09,
    "store_id": "store_1"
  },
  {
    "product_id": 4,
    "product_name": "Product 4",
    "category": "Clothing",
    "date": "2025-07-10T23:50:25.297097",
    "quantity_sold": 115,
    "revenue": 6146.0,
    "unit_price": 58.09,
    "store_id": "store_3"
  },
  {
    "product_id": 4,
    "product_name": "Product 4",
    "category": "Clothing",
    "date": "2025-07-11T23:50:25.297099",
    "quantity_sold": 59,
    "revenue": 3306.72,
    "unit_price": 58.09,
    "store_id": "store_3"
  },
  {
    "product_id": 4,
    "product_name": "Product 4",
    "category": "Clothing",
    "date": "2025-07-12T23:50:25.297101",
    "quantity_sold": 27,
    "revenue": 1527.99,
    "unit_price": 58.09,
    "store_id": "store_2"
  },
  {
    "product_id": 5,
    "product_name": "Product 5",
    "category": "Home & Garden",
    "date": "2025-04-14T23:50:25.297104",
    "quantity_sold": 29,
    "revenue": 1891.19,
    "unit_price": 63.89,
    "store_id": "store_4"
  },
  {
    "product_id": 5,
    "product_name": "Product 5",
    "category": "Home & Garden",
    "date": "2025-04-15T23:50:25.297106",
    "quantity_sold": 30,
    "revenue": 2000.55,
    "unit_price": 63.89,
    "store_id": "store_1"
  },
  {
    "product_id": 5,
    "product_name": "Product 5",
    "category": "Home & Garden",
    "date": "2025-04-16T23:50:25.297108",
    "quantity_sold": 27,
    "revenue": 1743.29,
    "unit_price": 63.89,
    "store_id": "store_2"
  },
  {
    "product_id": 5,
    "product_name": "Product 5",
    "category": "Home & Garden",
    "date": "2025-04-17T23:50:25.297110",
    "quantity_sold": 21,
    "revenue": 1252.65,
    "unit_price": 63.89,
    "store_id": "store_5"
  },
  {
    "product_id": 5,
    "product_name": "Product 5",
    "category": "Home & Garden",
    "date": "2025-04-18T23:50:25.297112",
    "quantity_sold": 22,
    "revenue": 1316.6,
    "unit_price": 63.89,
    "store_id": "store_3"
  },
  {
    "product_id": 5,
    "product_name": "Product 5",
    "category": "Home & Garden",
    "date": "2025-04-19T23:50:25.297114",
    "quantity_sold": 13,
    "revenue": 888.33,
    "unit_price": 63.89,
    "store_id": "store_2"
  },
  {
    "product_id": 5,
    "product_name": "Product 5",
    "category": "Home & Garden",
    "date": "2025-04-20T23:50:25.297116",
    "quantity_sold": 9,
    "revenue": 600.92,
    "unit_price": 63.89,
    "store_id": "store_3"
  },
  {
    "product_id": 5,
    "product_name": "Product 5",
    "category": "Home & Garden",
    "date": "2025-04-21T23:50:25.297118",
    "quantity_sold": 24,
    "revenue": 1582.64,
    "unit_price": 63.89,
    "store_id": "store_4"
  },
  {
    "product_id": 5,
    "product_name": "Product 5",
    "category": "Home & Garden",
    "date": "2025-04-22T23:50:25.297120",
    "quantity_sold": 16,
    "revenue": 979.52,
    "unit_price": 63.89,
    "store_id": "store_4"
  },
  {
    "product_id": 5,
    "product_name": "Product 5",
    "category": "Home & Garden",
    "date": "2025-04-23T23:50:25.297122",
    "quantity_sold": 17,
    "revenue": 1048.97,
    "unit_price": 63.89,
    "store_id": "store_4"
  },
  {
    "product_id": 5,
    "product_name": "Product 5",
    "category": "Home & Garden",
    "date": "2025-04-24T23:50:25.297124",
    "quantity_sold": 18,
    "revenue": 1080.5,
    "unit_price": 63.89,
    "store_id": "store_4"
  },
  {
    "product_id": 5,
    "product_name": "Product 5",
    "category": "Home & Garden",
    "date": "2025-04-25T23:50:25.297125",
    "quantity_sold": 27,
    "revenue": 1673.67,
    "unit_price": 63.89,
    "store_id": "store_5"
  },
  {
    "product_id": 5,
    "product_name": "Product 5",
    "category": "Home & Garden",
    "date": "2025-04-26T23:50:25.297128",
    "quantity_sold": 11,
    "revenue": 641.69,
    "unit_price": 63.89,
    "store_id": "store_5"
  },
  {
    "product_id": 5,
    "product_name": "Product 5",
    "category": "Home & Garden",
    "date": "2025-04-27T23:50:25.297129",
    "quantity_sold": 13,
    "revenue": 750.03,
    "unit_price": 63.89,
    "store_id": "store_5"
  },
  {
    "product_id": 5,
    "product_name": "Product 5",
    "category": "Home & Garden",
    "date": "2025-04-28T23:50:25.297131",
    "quantity_sold": 17,
    "revenue": 1032.75,
    "unit_price": 63.89,
    "store_id": "store_1"
  },
  {
    "product_id": 5,
    "product_name": "Product 5",
    "category": "Home & Garden",
    "date": "2025-04-29T23:50:25.297133",
    "quantity_sold": 28,
    "revenue": 1725.04,
    "unit_price": 63.89,
    "store_id": "store_1"
  },
  {
    "product_id": 5,
    "product_name": "Product 5",
    "category": "Home & Garden",
    "date": "2025-04-30T23:50:25.297135",
    "quantity_sold": 20,
    "revenue": 1391.15,
    "unit_price": 63.89,
    "store_id": "store_4"
  },
  {
    "product_id": 5,
    "product_name": "Product 5",
    "category": "Home & Garden",
    "date": "2025-05-01T23:50:25.297137",
    "quantity_sold": 16,
    "revenue": 1018.71,
    "unit_price": 63.89,
    "store_id": "store_4"
  },
  {
    "product_id": 5,
    "product_name": "Product 5",
    "category": "Home & Garden",
    "date": "2025-05-02T23:50:25.297141",
    "quantity_sold": 24,
    "revenue": 1501.67,
    "unit_price": 63.89,
    "store_id": "store_4"
  },
  {
    "product_id": 5,
    "product_name": "Product 5",
    "category": "Home & Garden",
    "date": "2025-05-03T23:50:25.297143",
    "quantity_sold": 11,
    "revenue": 707.49,
    "unit_price": 63.89,
    "store_id": "store_5"
  },
  {
    "product_id": 5,
    "product_name": "Product 5",
    "category": "Home & Garden",
    "date": "2025-05-04T23:50:25.297145",
    "quantity_sold": 12,
    "revenue": 776.95,
    "unit_price": 63.89,
    "store_id": "store_2"
  },
  {
    "product_id": 5,
    "product_name": "Product 5",
    "category": "Home & Garden",
    "date": "2025-05-05T23:50:25.297147",
    "quantity_sold": 29,
    "revenue": 1959.14,
    "unit_price": 63.89,
    "store_id": "store_3"
  },
  {
    "product_id": 5,
    "product_name": "Product 5",
    "category": "Home & Garden",
    "date": "2025-05-06T23:50:25.297149",
    "quantity_sold": 56,
    "revenue": 3370.43,
    "unit_price": 63.89,
    "store_id": "store_4"
  },
  {
    "product_id": 5,
    "product_name": "Product 5",
    "category": "Home & Garden",
    "date": "2025-05-07T23:50:25.297151",
    "quantity_sold": 22,
    "revenue": 1468.74,
    "unit_price": 63.89,
    "store_id": "store_2"
  },
  {
    "product_id": 5,
    "product_name": "Product 5",
    "category": "Home & Garden",
    "date": "2025-05-08T23:50:25.297153",
    "quantity_sold": 20,
    "revenue": 1227.32,
    "unit_price": 63.89,
    "store_id": "store_4"
  },
  {
    "product_id": 5,
    "product_name": "Product 5",
    "category": "Home & Garden",
    "date": "2025-05-09T23:50:25.297155",
    "quantity_sold": 30,
    "revenue": 1825.76,
    "unit_price": 63.89,
    "store_id": "store_2"
  },
  {
    "product_id": 5,
    "product_name": "Product 5",
    "category": "Home & Garden",
    "date": "2025-05-10T23:50:25.297156",
    "quantity_sold": 9,
    "revenue": 548.56,
    "unit_price": 63.89,
    "store_id": "store_4"
  },
  {
    "product_id": 5,
    "product_name": "Product 5",
    "category": "Home & Garden",
    "date": "2025-05-11T23:50:25.297158",
    "quantity_sold": 17,
    "revenue": 1055.56,
    "unit_price": 63.89,
    "store_id": "store_3"
  },
  {
    "product_id": 5,
    "product_name": "Product 5",
    "category": "Home & Garden",
    "date": "2025-05-12T23:50:25.297160",
    "quantity_sold": 28,
    "revenue": 1962.99,
    "unit_price": 63.89,
    "store_id": "store_2"
  },
  {
    "product_id": 5,
    "product_name": "Product 5",
    "category": "Home & Garden",
    "date": "2025-05-13T23:50:25.297162",
    "quantity_sold": 20,
    "revenue": 1230.66,
    "unit_price": 63.89,
    "store_id": "store_3"
  },
  {
    "product_id": 5,
    "product_name": "Product 5",
    "category": "Home & Garden",
    "date": "2025-05-14T23:50:25.297164",
    "quantity_sold": 21,
    "revenue": 1401.53,
    "unit_price": 63.89,
    "store_id": "store_4"
  },
  {
    "product_id": 5,
    "product_name": "Product 5",
    "category": "Home & Garden",
    "date": "2025-05-15T23:50:25.297167",
    "quantity_sold": 30,
    "revenue": 2016.49,
    "unit_price": 63.89,
    "store_id": "store_1"
  },
  {
    "product_id": 5,
    "product_name": "Product 5",
    "category": "Home & Garden",
    "date": "2025-05-16T23:50:25.297170",
    "quantity_sold": 31,
    "revenue": 2050.05,
    "unit_price": 63.89,
    "store_id": "store_1"
  },
  {
    "product_id": 5,
    "product_name": "Product 5",
    "category": "Home & Garden",
    "date": "2025-05-17T23:50:25.297172",
    "quantity_sold": 14,
    "revenue": 966.44,
    "unit_price": 63.89,
    "store_id": "store_1"
  },
  {
    "product_id": 5,
    "product_name": "Product 5",
    "category": "Home & Garden",
    "date": "2025-05-18T23:50:25.297174",
    "quantity_sold": 19,
    "revenue": 1195.11,
    "unit_price": 63.89,
    "store_id": "store_1"
  },
  {
    "product_id": 5,
    "product_name": "Product 5",
    "category": "Home & Garden",
    "date": "2025-05-19T23:50:25.297176",
    "quantity_sold": 16,
    "revenue": 932.96,
    "unit_price": 63.89,
    "store_id": "store_3"
  },
  {
    "product_id": 5,
    "product_name": "Product 5",
    "category": "Home & Garden",
    "date": "2025-05-20T23:50:25.297178",
    "quantity_sold": 22,
    "revenue": 1313.18,
    "unit_price": 63.89,
    "store_id": "store_3"
  },
  {
    "product_id": 5,
    "product_name": "Product 5",
    "category": "Home & Garden",
    "date": "2025-05-21T23:50:25.297180",
    "quantity_sold": 30,
    "revenue": 1882.64,
    "unit_price": 63.89,
    "store_id": "store_4"
  },
  {
    "product_id": 5,
    "product_name": "Product 5",
    "category": "Home & Garden",
    "date": "2025-05-22T23:50:25.297182",
    "quantity_sold": 24,
    "revenue": 1462.51,
    "unit_price": 63.89,
    "store_id": "store_3"
  },
  {
    "product_id": 5,
    "product_name": "Product 5",
    "category": "Home & Garden",
    "date": "2025-05-23T23:50:25.297184",
    "quantity_sold": 19,
    "revenue": 1233.82,
    "unit_price": 63.89,
    "store_id": "store_3"
  },
  {
    "product_id": 5,
    "product_name": "Product 5",
    "category": "Home & Garden",
    "date": "2025-05-24T23:50:25.297185",
    "quantity_sold": 19,
    "revenue": 1200.21,
    "unit_price": 63.89,
    "store_id": "store_2"
  },
  {
    "product_id": 5,
    "product_name": "Product 5",
    "category": "Home & Garden",
    "date": "2025-05-25T23:50:25.297188",
    "quantity_sold": 12,
    "revenue": 839.35,
    "unit_price": 63.89,
    "store_id": "store_3"
  },
  {
    "product_id": 5,
    "product_name": "Product 5",
    "category": "Home & Garden",
    "date": "2025-05-26T23:50:25.297190",
    "quantity_sold": 28,
    "revenue": 1686.07,
    "unit_price": 63.89,
    "store_id": "store_5"
  },
  {
    "product_id": 5,
    "product_name": "Product 5",
    "category": "Home & Garden",
    "date": "2025-05-27T23:50:25.297192",
    "quantity_sold": 25,
    "revenue": 1604.88,
    "unit_price": 63.89,
    "store_id": "store_1"
  },
  {
    "product_id": 5,
    "product_name": "Product 5",
    "category": "Home & Garden",
    "date": "2025-05-28T23:50:25.297193",
    "quantity_sold": 56,
    "revenue": 3760.29,
    "unit_price": 63.89,
    "store_id": "store_3"
  },
  {
    "product_id": 5,
    "product_name": "Product 5",
    "category": "Home & Garden",
    "date": "2025-05-29T23:50:25.297195",
    "quantity_sold": 18,
    "revenue": 1082.38,
    "unit_price": 63.89,
    "store_id": "store_1"
  },
  {
    "product_id": 5,
    "product_name": "Product 5",
    "category": "Home & Garden",
    "date": "2025-05-30T23:50:25.297197",
    "quantity_sold": 30,
    "revenue": 1978.83,
    "unit_price": 63.89,
    "store_id": "store_4"
  },
  {
    "product_id": 5,
    "product_name": "Product 5",
    "category": "Home & Garden",
    "date": "2025-05-31T23:50:25.297199",
    "quantity_sold": 19,
    "revenue": 1269.92,
    "unit_price": 63.89,
    "store_id": "store_4"
  },
  {
    "product_id": 5,
    "product_name": "Product 5",
    "category": "Home & Garden",
    "date": "2025-06-01T23:50:25.297201",
    "quantity_sold": 17,
    "revenue": 1120.28,
    "unit_price": 63.89,
    "store_id": "store_3"
  },
  {
    "product_id": 5,
    "product_name": "Product 5",
    "category": "Home & Garden",
    "date": "2025-06-02T23:50:25.297204",
    "quantity_sold": 28,
    "revenue": 1699.05,
    "unit_price": 63.89,
    "store_id": "store_4"
  },
  {
    "product_id": 5,
    "product_name": "Product 5",
    "category": "Home & Garden",
    "date": "2025-06-03T23:50:25.297206",
    "quantity_sold": 22,
    "revenue": 1435.74,
    "unit_price": 63.89,
    "store_id": "store_4"
  },
  {
    "product_id": 5,
    "product_name": "Product 5",
    "category": "Home & Garden",
    "date": "2025-06-04T23:50:25.297208",
    "quantity_sold": 17,
    "revenue": 992.49,
    "unit_price": 63.89,
    "store_id": "store_2"
  },
  {
    "product_id": 5,
    "product_name": "Product 5",
    "category": "Home & Garden",
    "date": "2025-06-05T23:50:25.297210",
    "quantity_sold": 17,
    "revenue": 1039.93,
    "unit_price": 63.89,
    "store_id": "store_4"
  },
  {
    "product_id": 5,
    "product_name": "Product 5",
    "category": "Home & Garden",
    "date": "2025-06-06T23:50:25.297212",
    "quantity_sold": 20,
    "revenue": 1380.44,
    "unit_price": 63.89,
    "store_id": "store_4"
  },
  {
    "product_id": 5,
    "product_name": "Product 5",
    "category": "Home & Garden",
    "date": "2025-06-07T23:50:25.297214",
    "quantity_sold": 15,
    "revenue": 959.56,
    "unit_price": 63.89,
    "store_id": "store_3"
  },
  {
    "product_id": 5,
    "product_name": "Product 5",
    "category": "Home & Garden",
    "date": "2025-06-08T23:50:25.297216",
    "quantity_sold": 12,
    "revenue": 827.55,
    "unit_price": 63.89,
    "store_id": "store_5"
  },
  {
    "product_id": 5,
    "product_name": "Product 5",
    "category": "Home & Garden",
    "date": "2025-06-09T23:50:25.297218",
    "quantity_sold": 32,
    "revenue": 1904.5,
    "unit_price": 63.89,
    "store_id": "store_3"
  },
  {
    "product_id": 5,
    "product_name": "Product 5",
    "category": "Home & Garden",
    "date": "2025-06-10T23:50:25.297219",
    "quantity_sold": 20,
    "revenue": 1297.62,
    "unit_price": 63.89,
    "store_id": "store_3"
  },
  {
    "product_id": 5,
    "product_name": "Product 5",
    "category": "Home & Garden",
    "date": "2025-06-11T23:50:25.297221",
    "quantity_sold": 19,
    "revenue": 1220.49,
    "unit_price": 63.89,
    "store_id": "store_4"
  },
  {
    "product_id": 5,
    "product_name": "Product 5",
    "category": "Home & Garden",
    "date": "2025-06-12T23:50:25.297223",
    "quantity_sold": 31,
    "revenue": 2047.89,
    "unit_price": 63.89,
    "store_id": "store_1"
  },
  {
    "product_id": 5,
    "product_name": "Product 5",
    "category": "Home & Garden",
    "date": "2025-06-13T23:50:25.297225",
    "quantity_sold": 38,
    "revenue": 2648.27,
    "unit_price": 63.89,
    "store_id": "store_5"
  },
  {
    "product_id": 5,
    "product_name": "Product 5",
    "category": "Home & Garden",
    "date": "2025-06-14T23:50:25.297227",
    "quantity_sold": 19,
    "revenue": 1129.26,
    "unit_price": 63.89,
    "store_id": "store_3"
  },
  {
    "product_id": 5,
    "product_name": "Product 5",
    "category": "Home & Garden",
    "date": "2025-06-15T23:50:25.297229",
    "quantity_sold": 14,
    "revenue": 975.28,
    "unit_price": 63.89,
    "store_id": "store_3"
  },
  {
    "product_id": 5,
    "product_name": "Product 5",
    "category": "Home & Garden",
    "date": "2025-06-16T23:50:25.297231",
    "quantity_sold": 25,
    "revenue": 1617.69,
    "unit_price": 63.89,
    "store_id": "store_5"
  },
  {
    "product_id": 5,
    "product_name": "Product 5",
    "category": "Home & Garden",
    "date": "2025-06-17T23:50:25.297233",
    "quantity_sold": 17,
    "revenue": 1141.3,
    "unit_price": 63.89,
    "store_id": "store_4"
  },
  {
    "product_id": 5,
    "product_name": "Product 5",
    "category": "Home & Garden",
    "date": "2025-06-18T23:50:25.297235",
    "quantity_sold": 17,
    "revenue": 1120.34,
    "unit_price": 63.89,
    "store_id": "store_2"
  },
  {
    "product_id": 5,
    "product_name": "Product 5",
    "category": "Home & Garden",
    "date": "2025-06-19T23:50:25.297236",
    "quantity_sold": 19,
    "revenue": 1177.35,
    "unit_price": 63.89,
    "store_id": "store_5"
  },
  {
    "product_id": 5,
    "product_name": "Product 5",
    "category": "Home & Garden",
    "date": "2025-06-20T23:50:25.297238",
    "quantity_sold": 32,
    "revenue": 2160.52,
    "unit_price": 63.89,
    "store_id": "store_2"
  },
  {
    "product_id": 5,
    "product_name": "Product 5",
    "category": "Home & Garden",
    "date": "2025-06-21T23:50:25.297240",
    "quantity_sold": 12,
    "revenue": 763.37,
    "unit_price": 63.89,
    "store_id": "store_4"
  },
  {
    "product_id": 5,
    "product_name": "Product 5",
    "category": "Home & Garden",
    "date": "2025-06-22T23:50:25.297242",
    "quantity_sold": 14,
    "revenue": 910.45,
    "unit_price": 63.89,
    "store_id": "store_1"
  },
  {
    "product_id": 5,
    "product_name": "Product 5",
    "category": "Home & Garden",
    "date": "2025-06-23T23:50:25.297244",
    "quantity_sold": 21,
    "revenue": 1465.0,
    "unit_price": 63.89,
    "store_id": "store_2"
  },
  {
    "product_id": 5,
    "product_name": "Product 5",
    "category": "Home & Garden",
    "date": "2025-06-24T23:50:25.297246",
    "quantity_sold": 25,
    "revenue": 1747.57,
    "unit_price": 63.89,
    "store_id": "store_1"
  },
  {
    "product_id": 5,
    "product_name": "Product 5",
    "category": "Home & Garden",
    "date": "2025-06-25T23:50:25.297248",
    "quantity_sold": 30,
    "revenue": 2008.84,
    "unit_price": 63.89,
    "store_id": "store_3"
  },
  {
    "product_id": 5,
    "product_name": "Product 5",
    "category": "Home & Garden",
    "date": "2025-06-26T23:50:25.297250",
    "quantity_sold": 20,
    "revenue": 1288.27,
    "unit_price": 63.89,
    "store_id": "store_2"
  },
  {
    "product_id": 5,
    "product_name": "Product 5",
    "category": "Home & Garden",
    "date": "2025-06-27T23:50:25.297252",
    "quantity_sold": 33,
    "revenue": 2293.67,
    "unit_price": 63.89,
    "store_id": "store_2"
  },
  {
    "product_id": 5,
    "product_name": "Product 5",
    "category": "Home & Garden",
    "date": "2025-06-28T23:50:25.297254",
    "quantity_sold": 19,
    "revenue": 1227.48,
    "unit_price": 63.89,
    "store_id": "store_5"
  },
  {
    "product_id": 5,
    "product_name": "Product 5",
    "category": "Home & Garden",
    "date": "2025-06-29T23:50:25.297255",
    "quantity_sold": 15,
    "revenue": 967.3,
    "unit_price": 63.89,
    "store_id": "store_3"
  },
  {
    "product_id": 5,
    "product_name": "Product 5",
    "category": "Home & Garden",
    "date": "2025-06-30T23:50:25.297257",
    "quantity_sold": 24,
    "revenue": 1398.79,
    "unit_price": 63.89,
    "store_id": "store_5"
  },
  {
    "product_id": 5,
    "product_name": "Product 5",
    "category": "Home & Garden",
    "date": "2025-07-01T23:50:25.297259",
    "quantity_sold": 25,
    "revenue": 1733.48,
    "unit_price": 63.89,
    "store_id": "store_4"
  },
  {
    "product_id": 5,
    "product_name": "Product 5",
    "category": "Home & Garden",
    "date": "2025-07-02T23:50:25.297261",
    "quantity_sold": 19,
    "revenue": 1208.48,
    "unit_price": 63.89,
    "store_id": "store_3"
  },
  {
    "product_id": 5,
    "product_name": "Product 5",
    "category": "Home & Garden",
    "date": "2025-07-03T23:50:25.297263",
    "quantity_sold": 25,
    "revenue": 1666.13,
    "unit_price": 63.89,
    "store_id": "store_4"
  },
  {
    "product_id": 5,
    "product_name": "Product 5",
    "category": "Home & Garden",
    "date": "2025-07-04T23:50:25.297265",
    "quantity_sold": 24,
    "revenue": 1561.37,
    "unit_price": 63.89,
    "store_id": "store_4"
  },
  {
    "product_id": 5,
    "product_name": "Product 5",
    "category": "Home & Garden",
    "date": "2025-07-05T23:50:25.297267",
    "quantity_sold": 20,
    "revenue": 1206.51,
    "unit_price": 63.89,
    "store_id": "store_2"
  },
  {
    "product_id": 5,
    "product_name": "Product 5",
    "category": "Home & Garden",
    "date": "2025-07-06T23:50:25.297269",
    "quantity_sold": 15,
    "revenue": 1036.92,
    "unit_price": 63.89,
    "store_id": "store_4"
  },
  {
    "product_id": 5,
    "product_name": "Product 5",
    "category": "Home & Garden",
    "date": "2025-07-07T23:50:25.297271",
    "quantity_sold": 26,
    "revenue": 1676.3,
    "unit_price": 63.89,
    "store_id": "store_1"
  },
  {
    "product_id": 5,
    "product_name": "Product 5",
    "category": "Home & Garden",
    "date": "2025-07-08T23:50:25.297273",
    "quantity_sold": 27,
    "revenue": 1619.6,
    "unit_price": 63.89,
    "store_id": "store_2"
  },
  {
    "product_id": 5,
    "product_name": "Product 5",
    "category": "Home & Garden",
    "date": "2025-07-09T23:50:25.297275",
    "quantity_sold": 23,
    "revenue": 1556.81,
    "unit_price": 63.89,
    "store_id": "store_2"
  },
  {
    "product_id": 5,
    "product_name": "Product 5",
    "category": "Home & Garden",
    "date": "2025-07-10T23:50:25.297277",
    "quantity_sold": 29,
    "revenue": 1711.57,
    "unit_price": 63.89,
    "store_id": "store_1"
  },
  {
    "product_id": 5,
    "product_name": "Product 5",
    "category": "Home & Garden",
    "date": "2025-07-11T23:50:25.297278",
    "quantity_sold": 30,
    "revenue": 1756.48,
    "unit_price": 63.89,
    "store_id": "store_1"
  },
  {
    "product_id": 5,
    "product_name": "Product 5",
    "category": "Home & Garden",
    "date": "2025-07-12T23:50:25.297280",
    "quantity_sold": 12,
    "revenue": 754.43,
    "unit_price": 63.89,
    "store_id": "store_2"
  },
  {
    "product_id": 6,
    "product_name": "Product 6",
    "category": "Beverages",
    "date": "2025-04-14T23:50:25.297283",
    "quantity_sold": 38,
    "revenue": 879.38,
    "unit_price": 22.03,
    "store_id": "store_2"
  },
  {
    "product_id": 6,
    "product_name": "Product 6",
    "category": "Beverages",
    "date": "2025-04-15T23:50:25.297285",
    "quantity_sold": 52,
    "revenue": 1171.59,
    "unit_price": 22.03,
    "store_id": "store_2"
  },
  {
    "product_id": 6,
    "product_name": "Product 6",
    "category": "Beverages",
    "date": "2025-04-16T23:50:25.297287",
    "quantity_sold": 54,
    "revenue": 1166.95,
    "unit_price": 22.03,
    "store_id": "store_3"
  },
  {
    "product_id": 6,
    "product_name": "Product 6",
    "category": "Beverages",
    "date": "2025-04-17T23:50:25.297289",
    "quantity_sold": 44,
    "revenue": 890.59,
    "unit_price": 22.03,
    "store_id": "store_2"
  },
  {
    "product_id": 6,
    "product_name": "Product 6",
    "category": "Beverages",
    "date": "2025-04-18T23:50:25.297291",
    "quantity_sold": 65,
    "revenue": 1393.22,
    "unit_price": 22.03,
    "store_id": "store_2"
  },
  {
    "product_id": 6,
    "product_name": "Product 6",
    "category": "Beverages",
    "date": "2025-04-19T23:50:25.297293",
    "quantity_sold": 50,
    "revenue": 1000.74,
    "unit_price": 22.03,
    "store_id": "store_5"
  },
  {
    "product_id": 6,
    "product_name": "Product 6",
    "category": "Beverages",
    "date": "2025-04-20T23:50:25.297296",
    "quantity_sold": 36,
    "revenue": 772.02,
    "unit_price": 22.03,
    "store_id": "store_4"
  },
  {
    "product_id": 6,
    "product_name": "Product 6",
    "category": "Beverages",
    "date": "2025-04-21T23:50:25.297298",
    "quantity_sold": 68,
    "revenue": 1505.54,
    "unit_price": 22.03,
    "store_id": "store_1"
  },
  {
    "product_id": 6,
    "product_name": "Product 6",
    "category": "Beverages",
    "date": "2025-04-22T23:50:25.297300",
    "quantity_sold": 41,
    "revenue": 968.69,
    "unit_price": 22.03,
    "store_id": "store_5"
  },
  {
    "product_id": 6,
    "product_name": "Product 6",
    "category": "Beverages",
    "date": "2025-04-23T23:50:25.297301",
    "quantity_sold": 35,
    "revenue": 709.23,
    "unit_price": 22.03,
    "store_id": "store_5"
  },
  {
    "product_id": 6,
    "product_name": "Product 6",
    "category": "Beverages",
    "date": "2025-04-24T23:50:25.297303",
    "quantity_sold": 49,
    "revenue": 1103.13,
    "unit_price": 22.03,
    "store_id": "store_2"
  },
  {
    "product_id": 6,
    "product_name": "Product 6",
    "category": "Beverages",
    "date": "2025-04-25T23:50:25.297305",
    "quantity_sold": 45,
    "revenue": 1015.13,
    "unit_price": 22.03,
    "store_id": "store_4"
  },
  {
    "product_id": 6,
    "product_name": "Product 6",
    "category": "Beverages",
    "date": "2025-04-26T23:50:25.297307",
    "quantity_sold": 48,
    "revenue": 1099.96,
    "unit_price": 22.03,
    "store_id": "store_5"
  },
  {
    "product_id": 6,
    "product_name": "Product 6",
    "category": "Beverages",
    "date": "2025-04-27T23:50:25.297309",
    "quantity_sold": 31,
    "revenue": 745.92,
    "unit_price": 22.03,
    "store_id": "store_5"
  },
  {
    "product_id": 6,
    "product_name": "Product 6",
    "category": "Beverages",
    "date": "2025-04-28T23:50:25.297311",
    "quantity_sold": 44,
    "revenue": 911.66,
    "unit_price": 22.03,
    "store_id": "store_3"
  },
  {
    "product_id": 6,
    "product_name": "Product 6",
    "category": "Beverages",
    "date": "2025-04-29T23:50:25.297313",
    "quantity_sold": 47,
    "revenue": 1006.93,
    "unit_price": 22.03,
    "store_id": "store_1"
  },
  {
    "product_id": 6,
    "product_name": "Product 6",
    "category": "Beverages",
    "date": "2025-04-30T23:50:25.297315",
    "quantity_sold": 59,
    "revenue": 1337.44,
    "unit_price": 22.03,
    "store_id": "store_5"
  },
  {
    "product_id": 6,
    "product_name": "Product 6",
    "category": "Beverages",
    "date": "2025-05-01T23:50:25.297316",
    "quantity_sold": 40,
    "revenue": 798.98,
    "unit_price": 22.03,
    "store_id": "store_5"
  },
  {
    "product_id": 6,
    "product_name": "Product 6",
    "category": "Beverages",
    "date": "2025-05-02T23:50:25.297318",
    "quantity_sold": 64,
    "revenue": 1359.68,
    "unit_price": 22.03,
    "store_id": "store_5"
  },
  {
    "product_id": 6,
    "product_name": "Product 6",
    "category": "Beverages",
    "date": "2025-05-03T23:50:25.297320",
    "quantity_sold": 47,
    "revenue": 1008.21,
    "unit_price": 22.03,
    "store_id": "store_5"
  },
  {
    "product_id": 6,
    "product_name": "Product 6",
    "category": "Beverages",
    "date": "2025-05-04T23:50:25.297322",
    "quantity_sold": 33,
    "revenue": 769.06,
    "unit_price": 22.03,
    "store_id": "store_4"
  },
  {
    "product_id": 6,
    "product_name": "Product 6",
    "category": "Beverages",
    "date": "2025-05-05T23:50:25.297324",
    "quantity_sold": 46,
    "revenue": 1047.75,
    "unit_price": 22.03,
    "store_id": "store_3"
  },
  {
    "product_id": 6,
    "product_name": "Product 6",
    "category": "Beverages",
    "date": "2025-05-06T23:50:25.297326",
    "quantity_sold": 42,
    "revenue": 958.33,
    "unit_price": 22.03,
    "store_id": "store_4"
  },
  {
    "product_id": 6,
    "product_name": "Product 6",
    "category": "Beverages",
    "date": "2025-05-07T23:50:25.297328",
    "quantity_sold": 48,
    "revenue": 1072.68,
    "unit_price": 22.03,
    "store_id": "store_5"
  },
  {
    "product_id": 6,
    "product_name": "Product 6",
    "category": "Beverages",
    "date": "2025-05-08T23:50:25.297330",
    "quantity_sold": 45,
    "revenue": 938.41,
    "unit_price": 22.03,
    "store_id": "store_5"
  },
  {
    "product_id": 6,
    "product_name": "Product 6",
    "category": "Beverages",
    "date": "2025-05-09T23:50:25.297332",
    "quantity_sold": 57,
    "revenue": 1292.0,
    "unit_price": 22.03,
    "store_id": "store_1"
  },
  {
    "product_id": 6,
    "product_name": "Product 6",
    "category": "Beverages",
    "date": "2025-05-10T23:50:25.297333",
    "quantity_sold": 54,
    "revenue": 1133.8,
    "unit_price": 22.03,
    "store_id": "store_4"
  },
  {
    "product_id": 6,
    "product_name": "Product 6",
    "category": "Beverages",
    "date": "2025-05-11T23:50:25.297335",
    "quantity_sold": 58,
    "revenue": 1374.54,
    "unit_price": 22.03,
    "store_id": "store_3"
  },
  {
    "product_id": 6,
    "product_name": "Product 6",
    "category": "Beverages",
    "date": "2025-05-12T23:50:25.297337",
    "quantity_sold": 44,
    "revenue": 1056.39,
    "unit_price": 22.03,
    "store_id": "store_1"
  },
  {
    "product_id": 6,
    "product_name": "Product 6",
    "category": "Beverages",
    "date": "2025-05-13T23:50:25.297339",
    "quantity_sold": 41,
    "revenue": 920.37,
    "unit_price": 22.03,
    "store_id": "store_3"
  },
  {
    "product_id": 6,
    "product_name": "Product 6",
    "category": "Beverages",
    "date": "2025-05-14T23:50:25.297341",
    "quantity_sold": 57,
    "revenue": 1379.19,
    "unit_price": 22.03,
    "store_id": "store_2"
  },
  {
    "product_id": 6,
    "product_name": "Product 6",
    "category": "Beverages",
    "date": "2025-05-15T23:50:25.297343",
    "quantity_sold": 59,
    "revenue": 1428.94,
    "unit_price": 22.03,
    "store_id": "store_5"
  },
  {
    "product_id": 6,
    "product_name": "Product 6",
    "category": "Beverages",
    "date": "2025-05-16T23:50:25.297345",
    "quantity_sold": 69,
    "revenue": 1414.52,
    "unit_price": 22.03,
    "store_id": "store_5"
  },
  {
    "product_id": 6,
    "product_name": "Product 6",
    "category": "Beverages",
    "date": "2025-05-17T23:50:25.297346",
    "quantity_sold": 53,
    "revenue": 1188.37,
    "unit_price": 22.03,
    "store_id": "store_4"
  },
  {
    "product_id": 6,
    "product_name": "Product 6",
    "category": "Beverages",
    "date": "2025-05-18T23:50:25.297348",
    "quantity_sold": 42,
    "revenue": 868.49,
    "unit_price": 22.03,
    "store_id": "store_2"
  },
  {
    "product_id": 6,
    "product_name": "Product 6",
    "category": "Beverages",
    "date": "2025-05-19T23:50:25.297350",
    "quantity_sold": 37,
    "revenue": 752.8,
    "unit_price": 22.03,
    "store_id": "store_5"
  },
  {
    "product_id": 6,
    "product_name": "Product 6",
    "category": "Beverages",
    "date": "2025-05-20T23:50:25.297353",
    "quantity_sold": 45,
    "revenue": 967.74,
    "unit_price": 22.03,
    "store_id": "store_3"
  },
  {
    "product_id": 6,
    "product_name": "Product 6",
    "category": "Beverages",
    "date": "2025-05-21T23:50:25.297355",
    "quantity_sold": 72,
    "revenue": 1571.31,
    "unit_price": 22.03,
    "store_id": "store_3"
  },
  {
    "product_id": 6,
    "product_name": "Product 6",
    "category": "Beverages",
    "date": "2025-05-22T23:50:25.297357",
    "quantity_sold": 65,
    "revenue": 1495.28,
    "unit_price": 22.03,
    "store_id": "store_1"
  },
  {
    "product_id": 6,
    "product_name": "Product 6",
    "category": "Beverages",
    "date": "2025-05-23T23:50:25.297359",
    "quantity_sold": 56,
    "revenue": 1235.24,
    "unit_price": 22.03,
    "store_id": "store_3"
  },
  {
    "product_id": 6,
    "product_name": "Product 6",
    "category": "Beverages",
    "date": "2025-05-24T23:50:25.297361",
    "quantity_sold": 41,
    "revenue": 869.65,
    "unit_price": 22.03,
    "store_id": "store_2"
  },
  {
    "product_id": 6,
    "product_name": "Product 6",
    "category": "Beverages",
    "date": "2025-05-25T23:50:25.297363",
    "quantity_sold": 52,
    "revenue": 1085.69,
    "unit_price": 22.03,
    "store_id": "store_4"
  },
  {
    "product_id": 6,
    "product_name": "Product 6",
    "category": "Beverages",
    "date": "2025-05-26T23:50:25.297365",
    "quantity_sold": 47,
    "revenue": 1062.89,
    "unit_price": 22.03,
    "store_id": "store_3"
  },
  {
    "product_id": 6,
    "product_name": "Product 6",
    "category": "Beverages",
    "date": "2025-05-27T23:50:25.297367",
    "quantity_sold": 52,
    "revenue": 1175.64,
    "unit_price": 22.03,
    "store_id": "store_3"
  },
  {
    "product_id": 6,
    "product_name": "Product 6",
    "category": "Beverages",
    "date": "2025-05-28T23:50:25.297369",
    "quantity_sold": 71,
    "revenue": 1503.72,
    "unit_price": 22.03,
    "store_id": "store_1"
  },
  {
    "product_id": 6,
    "product_name": "Product 6",
    "category": "Beverages",
    "date": "2025-05-29T23:50:25.297371",
    "quantity_sold": 54,
    "revenue": 1152.04,
    "unit_price": 22.03,
    "store_id": "store_3"
  },
  {
    "product_id": 6,
    "product_name": "Product 6",
    "category": "Beverages",
    "date": "2025-05-30T23:50:25.297373",
    "quantity_sold": 60,
    "revenue": 1294.2,
    "unit_price": 22.03,
    "store_id": "store_5"
  },
  {
    "product_id": 6,
    "product_name": "Product 6",
    "category": "Beverages",
    "date": "2025-05-31T23:50:25.297375",
    "quantity_sold": 44,
    "revenue": 893.57,
    "unit_price": 22.03,
    "store_id": "store_4"
  },
  {
    "product_id": 6,
    "product_name": "Product 6",
    "category": "Beverages",
    "date": "2025-06-01T23:50:25.297377",
    "quantity_sold": 63,
    "revenue": 1257.61,
    "unit_price": 22.03,
    "store_id": "store_5"
  },
  {
    "product_id": 6,
    "product_name": "Product 6",
    "category": "Beverages",
    "date": "2025-06-02T23:50:25.297379",
    "quantity_sold": 60,
    "revenue": 1438.23,
    "unit_price": 22.03,
    "store_id": "store_4"
  },
  {
    "product_id": 6,
    "product_name": "Product 6",
    "category": "Beverages",
    "date": "2025-06-03T23:50:25.297381",
    "quantity_sold": 47,
    "revenue": 994.91,
    "unit_price": 22.03,
    "store_id": "store_1"
  },
  {
    "product_id": 6,
    "product_name": "Product 6",
    "category": "Beverages",
    "date": "2025-06-04T23:50:25.297383",
    "quantity_sold": 56,
    "revenue": 1143.01,
    "unit_price": 22.03,
    "store_id": "store_4"
  },
  {
    "product_id": 6,
    "product_name": "Product 6",
    "category": "Beverages",
    "date": "2025-06-05T23:50:25.297385",
    "quantity_sold": 61,
    "revenue": 1228.57,
    "unit_price": 22.03,
    "store_id": "store_3"
  },
  {
    "product_id": 6,
    "product_name": "Product 6",
    "category": "Beverages",
    "date": "2025-06-06T23:50:25.297387",
    "quantity_sold": 47,
    "revenue": 1009.93,
    "unit_price": 22.03,
    "store_id": "store_2"
  },
  {
    "product_id": 6,
    "product_name": "Product 6",
    "category": "Beverages",
    "date": "2025-06-07T23:50:25.297389",
    "quantity_sold": 43,
    "revenue": 860.41,
    "unit_price": 22.03,
    "store_id": "store_1"
  },
  {
    "product_id": 6,
    "product_name": "Product 6",
    "category": "Beverages",
    "date": "2025-06-08T23:50:25.297391",
    "quantity_sold": 36,
    "revenue": 758.17,
    "unit_price": 22.03,
    "store_id": "store_5"
  },
  {
    "product_id": 6,
    "product_name": "Product 6",
    "category": "Beverages",
    "date": "2025-06-09T23:50:25.297393",
    "quantity_sold": 64,
    "revenue": 1311.8,
    "unit_price": 22.03,
    "store_id": "store_2"
  },
  {
    "product_id": 6,
    "product_name": "Product 6",
    "category": "Beverages",
    "date": "2025-06-10T23:50:25.297395",
    "quantity_sold": 50,
    "revenue": 1195.66,
    "unit_price": 22.03,
    "store_id": "store_5"
  },
  {
    "product_id": 6,
    "product_name": "Product 6",
    "category": "Beverages",
    "date": "2025-06-11T23:50:25.297397",
    "quantity_sold": 56,
    "revenue": 1311.46,
    "unit_price": 22.03,
    "store_id": "store_4"
  },
  {
    "product_id": 6,
    "product_name": "Product 6",
    "category": "Beverages",
    "date": "2025-06-12T23:50:25.297399",
    "quantity_sold": 68,
    "revenue": 1462.78,
    "unit_price": 22.03,
    "store_id": "store_4"
  },
  {
    "product_id": 6,
    "product_name": "Product 6",
    "category": "Beverages",
    "date": "2025-06-13T23:50:25.297401",
    "quantity_sold": 69,
    "revenue": 1443.67,
    "unit_price": 22.03,
    "store_id": "store_2"
  },
  {
    "product_id": 6,
    "product_name": "Product 6",
    "category": "Beverages",
    "date": "2025-06-14T23:50:25.297402",
    "quantity_sold": 59,
    "revenue": 1327.16,
    "unit_price": 22.03,
    "store_id": "store_3"
  },
  {
    "product_id": 6,
    "product_name": "Product 6",
    "category": "Beverages",
    "date": "2025-06-15T23:50:25.297404",
    "quantity_sold": 32,
    "revenue": 665.0,
    "unit_price": 22.03,
    "store_id": "store_3"
  },
  {
    "product_id": 6,
    "product_name": "Product 6",
    "category": "Beverages",
    "date": "2025-06-16T23:50:25.297406",
    "quantity_sold": 77,
    "revenue": 1787.0,
    "unit_price": 22.03,
    "store_id": "store_1"
  },
  {
    "product_id": 6,
    "product_name": "Product 6",
    "category": "Beverages",
    "date": "2025-06-17T23:50:25.297408",
    "quantity_sold": 47,
    "revenue": 975.9,
    "unit_price": 22.03,
    "store_id": "store_1"
  },
  {
    "product_id": 6,
    "product_name": "Product 6",
    "category": "Beverages",
    "date": "2025-06-18T23:50:25.297410",
    "quantity_sold": 54,
    "revenue": 1174.1,
    "unit_price": 22.03,
    "store_id": "store_3"
  },
  {
    "product_id": 6,
    "product_name": "Product 6",
    "category": "Beverages",
    "date": "2025-06-19T23:50:25.297412",
    "quantity_sold": 66,
    "revenue": 1399.44,
    "unit_price": 22.03,
    "store_id": "store_5"
  },
  {
    "product_id": 6,
    "product_name": "Product 6",
    "category": "Beverages",
    "date": "2025-06-20T23:50:25.297414",
    "quantity_sold": 56,
    "revenue": 1259.84,
    "unit_price": 22.03,
    "store_id": "store_5"
  },
  {
    "product_id": 6,
    "product_name": "Product 6",
    "category": "Beverages",
    "date": "2025-06-21T23:50:25.297416",
    "quantity_sold": 90,
    "revenue": 1974.31,
    "unit_price": 22.03,
    "store_id": "store_5"
  },
  {
    "product_id": 6,
    "product_name": "Product 6",
    "category": "Beverages",
    "date": "2025-06-22T23:50:25.297418",
    "quantity_sold": 54,
    "revenue": 1182.96,
    "unit_price": 22.03,
    "store_id": "store_1"
  },
  {
    "product_id": 6,
    "product_name": "Product 6",
    "category": "Beverages",
    "date": "2025-06-23T23:50:25.297419",
    "quantity_sold": 72,
    "revenue": 1459.21,
    "unit_price": 22.03,
    "store_id": "store_2"
  },
  {
    "product_id": 6,
    "product_name": "Product 6",
    "category": "Beverages",
    "date": "2025-06-24T23:50:25.297422",
    "quantity_sold": 57,
    "revenue": 1232.86,
    "unit_price": 22.03,
    "store_id": "store_4"
  },
  {
    "product_id": 6,
    "product_name": "Product 6",
    "category": "Beverages",
    "date": "2025-06-25T23:50:25.297423",
    "quantity_sold": 56,
    "revenue": 1158.17,
    "unit_price": 22.03,
    "store_id": "store_2"
  },
  {
    "product_id": 6,
    "product_name": "Product 6",
    "category": "Beverages",
    "date": "2025-06-26T23:50:25.297425",
    "quantity_sold": 71,
    "revenue": 1624.05,
    "unit_price": 22.03,
    "store_id": "store_1"
  },
  {
    "product_id": 6,
    "product_name": "Product 6",
    "category": "Beverages",
    "date": "2025-06-27T23:50:25.297427",
    "quantity_sold": 60,
    "revenue": 1361.2,
    "unit_price": 22.03,
    "store_id": "store_2"
  },
  {
    "product_id": 6,
    "product_name": "Product 6",
    "category": "Beverages",
    "date": "2025-06-28T23:50:25.297429",
    "quantity_sold": 33,
    "revenue": 725.09,
    "unit_price": 22.03,
    "store_id": "store_5"
  },
  {
    "product_id": 6,
    "product_name": "Product 6",
    "category": "Beverages",
    "date": "2025-06-29T23:50:25.297431",
    "quantity_sold": 37,
    "revenue": 880.74,
    "unit_price": 22.03,
    "store_id": "store_2"
  },
  {
    "product_id": 6,
    "product_name": "Product 6",
    "category": "Beverages",
    "date": "2025-06-30T23:50:25.297433",
    "quantity_sold": 76,
    "revenue": 1633.65,
    "unit_price": 22.03,
    "store_id": "store_2"
  },
  {
    "product_id": 6,
    "product_name": "Product 6",
    "category": "Beverages",
    "date": "2025-07-01T23:50:25.297435",
    "quantity_sold": 143,
    "revenue": 3065.33,
    "unit_price": 22.03,
    "store_id": "store_5"
  },
  {
    "product_id": 6,
    "product_name": "Product 6",
    "category": "Beverages",
    "date": "2025-07-02T23:50:25.297437",
    "quantity_sold": 50,
    "revenue": 1054.71,
    "unit_price": 22.03,
    "store_id": "store_1"
  },
  {
    "product_id": 6,
    "product_name": "Product 6",
    "category": "Beverages",
    "date": "2025-07-03T23:50:25.297439",
    "quantity_sold": 41,
    "revenue": 843.42,
    "unit_price": 22.03,
    "store_id": "store_4"
  },
  {
    "product_id": 6,
    "product_name": "Product 6",
    "category": "Beverages",
    "date": "2025-07-04T23:50:25.297441",
    "quantity_sold": 47,
    "revenue": 1094.36,
    "unit_price": 22.03,
    "store_id": "store_1"
  },
  {
    "product_id": 6,
    "product_name": "Product 6",
    "category": "Beverages",
    "date": "2025-07-05T23:50:25.297443",
    "quantity_sold": 43,
    "revenue": 966.06,
    "unit_price": 22.03,
    "store_id": "store_1"
  },
  {
    "product_id": 6,
    "product_name": "Product 6",
    "category": "Beverages",
    "date": "2025-07-06T23:50:25.297446",
    "quantity_sold": 112,
    "revenue": 2405.82,
    "unit_price": 22.03,
    "store_id": "store_4"
  },
  {
    "product_id": 6,
    "product_name": "Product 6",
    "category": "Beverages",
    "date": "2025-07-07T23:50:25.297449",
    "quantity_sold": 66,
    "revenue": 1422.19,
    "unit_price": 22.03,
    "store_id": "store_1"
  },
  {
    "product_id": 6,
    "product_name": "Product 6",
    "category": "Beverages",
    "date": "2025-07-08T23:50:25.297451",
    "quantity_sold": 43,
    "revenue": 1032.26,
    "unit_price": 22.03,
    "store_id": "store_2"
  },
  {
    "product_id": 6,
    "product_name": "Product 6",
    "category": "Beverages",
    "date": "2025-07-09T23:50:25.297454",
    "quantity_sold": 65,
    "revenue": 1302.0,
    "unit_price": 22.03,
    "store_id": "store_5"
  },
  {
    "product_id": 6,
    "product_name": "Product 6",
    "category": "Beverages",
    "date": "2025-07-10T23:50:25.297456",
    "quantity_sold": 56,
    "revenue": 1341.67,
    "unit_price": 22.03,
    "store_id": "store_5"
  },
  {
    "product_id": 6,
    "product_name": "Product 6",
    "category": "Beverages",
    "date": "2025-07-11T23:50:25.297457",
    "quantity_sold": 64,
    "revenue": 1530.87,
    "unit_price": 22.03,
    "store_id": "store_3"
  },
  {
    "product_id": 6,
    "product_name": "Product 6",
    "category": "Beverages",
    "date": "2025-07-12T23:50:25.297459",
    "quantity_sold": 37,
    "revenue": 839.34,
    "unit_price": 22.03,
    "store_id": "store_5"
  },
  {
    "product_id": 7,
    "product_name": "Product 7",
    "category": "Snacks",
    "date": "2025-04-14T23:50:25.297461",
    "quantity_sold": 22,
    "revenue": 1743.86,
    "unit_price": 73.26,
    "store_id": "store_2"
  },
  {
    "product_id": 7,
    "product_name": "Product 7",
    "category": "Snacks",
    "date": "2025-04-15T23:50:25.297463",
    "quantity_sold": 23,
    "revenue": 1525.17,
    "unit_price": 73.26,
    "store_id": "store_1"
  },
  {
    "product_id": 7,
    "product_name": "Product 7",
    "category": "Snacks",
    "date": "2025-04-16T23:50:25.297465",
    "quantity_sold": 15,
    "revenue": 1055.89,
    "unit_price": 73.26,
    "store_id": "store_1"
  },
  {
    "product_id": 7,
    "product_name": "Product 7",
    "category": "Snacks",
    "date": "2025-04-17T23:50:25.297467",
    "quantity_sold": 18,
    "revenue": 1240.93,
    "unit_price": 73.26,
    "store_id": "store_2"
  },
  {
    "product_id": 7,
    "product_name": "Product 7",
    "category": "Snacks",
    "date": "2025-04-18T23:50:25.297468",
    "quantity_sold": 17,
    "revenue": 1129.29,
    "unit_price": 73.26,
    "store_id": "store_2"
  },
  {
    "product_id": 7,
    "product_name": "Product 7",
    "category": "Snacks",
    "date": "2025-04-19T23:50:25.297470",
    "quantity_sold": 23,
    "revenue": 1734.77,
    "unit_price": 73.26,
    "store_id": "store_3"
  },
  {
    "product_id": 7,
    "product_name": "Product 7",
    "category": "Snacks",
    "date": "2025-04-20T23:50:25.297472",
    "quantity_sold": 25,
    "revenue": 1940.02,
    "unit_price": 73.26,
    "store_id": "store_1"
  },
  {
    "product_id": 7,
    "product_name": "Product 7",
    "category": "Snacks",
    "date": "2025-04-21T23:50:25.297474",
    "quantity_sold": 18,
    "revenue": 1429.65,
    "unit_price": 73.26,
    "store_id": "store_2"
  },
  {
    "product_id": 7,
    "product_name": "Product 7",
    "category": "Snacks",
    "date": "2025-04-22T23:50:25.297475",
    "quantity_sold": 16,
    "revenue": 1159.91,
    "unit_price": 73.26,
    "store_id": "store_5"
  },
  {
    "product_id": 7,
    "product_name": "Product 7",
    "category": "Snacks",
    "date": "2025-04-23T23:50:25.297477",
    "quantity_sold": 23,
    "revenue": 1806.33,
    "unit_price": 73.26,
    "store_id": "store_5"
  },
  {
    "product_id": 7,
    "product_name": "Product 7",
    "category": "Snacks",
    "date": "2025-04-24T23:50:25.297479",
    "quantity_sold": 27,
    "revenue": 1793.1,
    "unit_price": 73.26,
    "store_id": "store_4"
  },
  {
    "product_id": 7,
    "product_name": "Product 7",
    "category": "Snacks",
    "date": "2025-04-25T23:50:25.297481",
    "quantity_sold": 17,
    "revenue": 1321.14,
    "unit_price": 73.26,
    "store_id": "store_4"
  },
  {
    "product_id": 7,
    "product_name": "Product 7",
    "category": "Snacks",
    "date": "2025-04-26T23:50:25.297482",
    "quantity_sold": 19,
    "revenue": 1319.95,
    "unit_price": 73.26,
    "store_id": "store_5"
  },
  {
    "product_id": 7,
    "product_name": "Product 7",
    "category": "Snacks",
    "date": "2025-04-27T23:50:25.297484",
    "quantity_sold": 27,
    "revenue": 1930.34,
    "unit_price": 73.26,
    "store_id": "store_1"
  },
  {
    "product_id": 7,
    "product_name": "Product 7",
    "category": "Snacks",
    "date": "2025-04-28T23:50:25.297486",
    "quantity_sold": 26,
    "revenue": 1757.92,
    "unit_price": 73.26,
    "store_id": "store_3"
  },
  {
    "product_id": 7,
    "product_name": "Product 7",
    "category": "Snacks",
    "date": "2025-04-29T23:50:25.297487",
    "quantity_sold": 24,
    "revenue": 1884.64,
    "unit_price": 73.26,
    "store_id": "store_4"
  },
  {
    "product_id": 7,
    "product_name": "Product 7",
    "category": "Snacks",
    "date": "2025-04-30T23:50:25.297489",
    "quantity_sold": 21,
    "revenue": 1538.56,
    "unit_price": 73.26,
    "store_id": "store_4"
  },
  {
    "product_id": 7,
    "product_name": "Product 7",
    "category": "Snacks",
    "date": "2025-05-01T23:50:25.297491",
    "quantity_sold": 16,
    "revenue": 1280.82,
    "unit_price": 73.26,
    "store_id": "store_5"
  },
  {
    "product_id": 7,
    "product_name": "Product 7",
    "category": "Snacks",
    "date": "2025-05-02T23:50:25.297493",
    "quantity_sold": 52,
    "revenue": 3471.18,
    "unit_price": 73.26,
    "store_id": "store_3"
  },
  {
    "product_id": 7,
    "product_name": "Product 7",
    "category": "Snacks",
    "date": "2025-05-03T23:50:25.297494",
    "quantity_sold": 16,
    "revenue": 1090.05,
    "unit_price": 73.26,
    "store_id": "store_5"
  },
  {
    "product_id": 7,
    "product_name": "Product 7",
    "category": "Snacks",
    "date": "2025-05-04T23:50:25.297496",
    "quantity_sold": 14,
    "revenue": 1103.18,
    "unit_price": 73.26,
    "store_id": "store_5"
  },
  {
    "product_id": 7,
    "product_name": "Product 7",
    "category": "Snacks",
    "date": "2025-05-05T23:50:25.297498",
    "quantity_sold": 20,
    "revenue": 1490.22,
    "unit_price": 73.26,
    "store_id": "store_2"
  },
  {
    "product_id": 7,
    "product_name": "Product 7",
    "category": "Snacks",
    "date": "2025-05-06T23:50:25.297500",
    "quantity_sold": 38,
    "revenue": 2783.04,
    "unit_price": 73.26,
    "store_id": "store_1"
  },
  {
    "product_id": 7,
    "product_name": "Product 7",
    "category": "Snacks",
    "date": "2025-05-07T23:50:25.297501",
    "quantity_sold": 23,
    "revenue": 1799.88,
    "unit_price": 73.26,
    "store_id": "store_2"
  },
  {
    "product_id": 7,
    "product_name": "Product 7",
    "category": "Snacks",
    "date": "2025-05-08T23:50:25.297503",
    "quantity_sold": 26,
    "revenue": 1761.02,
    "unit_price": 73.26,
    "store_id": "store_4"
  },
  {
    "product_id": 7,
    "product_name": "Product 7",
    "category": "Snacks",
    "date": "2025-05-09T23:50:25.297505",
    "quantity_sold": 28,
    "revenue": 2045.46,
    "unit_price": 73.26,
    "store_id": "store_4"
  },
  {
    "product_id": 7,
    "product_name": "Product 7",
    "category": "Snacks",
    "date": "2025-05-10T23:50:25.297506",
    "quantity_sold": 26,
    "revenue": 1847.5,
    "unit_price": 73.26,
    "store_id": "store_2"
  },
  {
    "product_id": 7,
    "product_name": "Product 7",
    "category": "Snacks",
    "date": "2025-05-11T23:50:25.297508",
    "quantity_sold": 15,
    "revenue": 1073.42,
    "unit_price": 73.26,
    "store_id": "store_2"
  },
  {
    "product_id": 7,
    "product_name": "Product 7",
    "category": "Snacks",
    "date": "2025-05-12T23:50:25.297510",
    "quantity_sold": 20,
    "revenue": 1489.82,
    "unit_price": 73.26,
    "store_id": "store_1"
  },
  {
    "product_id": 7,
    "product_name": "Product 7",
    "category": "Snacks",
    "date": "2025-05-13T23:50:25.297512",
    "quantity_sold": 18,
    "revenue": 1217.37,
    "unit_price": 73.26,
    "store_id": "store_1"
  },
  {
    "product_id": 7,
    "product_name": "Product 7",
    "category": "Snacks",
    "date": "2025-05-14T23:50:25.297514",
    "quantity_sold": 20,
    "revenue": 1378.65,
    "unit_price": 73.26,
    "store_id": "store_1"
  },
  {
    "product_id": 7,
    "product_name": "Product 7",
    "category": "Snacks",
    "date": "2025-05-15T23:50:25.297515",
    "quantity_sold": 32,
    "revenue": 2358.07,
    "unit_price": 73.26,
    "store_id": "store_2"
  },
  {
    "product_id": 7,
    "product_name": "Product 7",
    "category": "Snacks",
    "date": "2025-05-16T23:50:25.297517",
    "quantity_sold": 27,
    "revenue": 2001.62,
    "unit_price": 73.26,
    "store_id": "store_4"
  },
  {
    "product_id": 7,
    "product_name": "Product 7",
    "category": "Snacks",
    "date": "2025-05-17T23:50:25.297519",
    "quantity_sold": 15,
    "revenue": 1037.35,
    "unit_price": 73.26,
    "store_id": "store_5"
  },
  {
    "product_id": 7,
    "product_name": "Product 7",
    "category": "Snacks",
    "date": "2025-05-18T23:50:25.297521",
    "quantity_sold": 18,
    "revenue": 1273.53,
    "unit_price": 73.26,
    "store_id": "store_3"
  },
  {
    "product_id": 7,
    "product_name": "Product 7",
    "category": "Snacks",
    "date": "2025-05-19T23:50:25.297523",
    "quantity_sold": 26,
    "revenue": 1779.59,
    "unit_price": 73.26,
    "store_id": "store_1"
  },
  {
    "product_id": 7,
    "product_name": "Product 7",
    "category": "Snacks",
    "date": "2025-05-20T23:50:25.297524",
    "quantity_sold": 26,
    "revenue": 1801.44,
    "unit_price": 73.26,
    "store_id": "store_3"
  },
  {
    "product_id": 7,
    "product_name": "Product 7",
    "category": "Snacks",
    "date": "2025-05-21T23:50:25.297526",
    "quantity_sold": 16,
    "revenue": 1229.21,
    "unit_price": 73.26,
    "store_id": "store_3"
  },
  {
    "product_id": 7,
    "product_name": "Product 7",
    "category": "Snacks",
    "date": "2025-05-22T23:50:25.297528",
    "quantity_sold": 23,
    "revenue": 1546.83,
    "unit_price": 73.26,
    "store_id": "store_5"
  },
  {
    "product_id": 7,
    "product_name": "Product 7",
    "category": "Snacks",
    "date": "2025-05-23T23:50:25.297529",
    "quantity_sold": 16,
    "revenue": 1285.27,
    "unit_price": 73.26,
    "store_id": "store_3"
  },
  {
    "product_id": 7,
    "product_name": "Product 7",
    "category": "Snacks",
    "date": "2025-05-24T23:50:25.297531",
    "quantity_sold": 16,
    "revenue": 1278.25,
    "unit_price": 73.26,
    "store_id": "store_5"
  },
  {
    "product_id": 7,
    "product_name": "Product 7",
    "category": "Snacks",
    "date": "2025-05-25T23:50:25.297533",
    "quantity_sold": 33,
    "revenue": 2520.88,
    "unit_price": 73.26,
    "store_id": "store_2"
  },
  {
    "product_id": 7,
    "product_name": "Product 7",
    "category": "Snacks",
    "date": "2025-05-26T23:50:25.297535",
    "quantity_sold": 23,
    "revenue": 1580.42,
    "unit_price": 73.26,
    "store_id": "store_4"
  },
  {
    "product_id": 7,
    "product_name": "Product 7",
    "category": "Snacks",
    "date": "2025-05-27T23:50:25.297536",
    "quantity_sold": 31,
    "revenue": 2340.9,
    "unit_price": 73.26,
    "store_id": "store_5"
  },
  {
    "product_id": 7,
    "product_name": "Product 7",
    "category": "Snacks",
    "date": "2025-05-28T23:50:25.297538",
    "quantity_sold": 24,
    "revenue": 1762.9,
    "unit_price": 73.26,
    "store_id": "store_3"
  },
  {
    "product_id": 7,
    "product_name": "Product 7",
    "category": "Snacks",
    "date": "2025-05-29T23:50:25.297540",
    "quantity_sold": 23,
    "revenue": 1668.16,
    "unit_price": 73.26,
    "store_id": "store_3"
  },
  {
    "product_id": 7,
    "product_name": "Product 7",
    "category": "Snacks",
    "date": "2025-05-30T23:50:25.297541",
    "quantity_sold": 16,
    "revenue": 1258.54,
    "unit_price": 73.26,
    "store_id": "store_2"
  },
  {
    "product_id": 7,
    "product_name": "Product 7",
    "category": "Snacks",
    "date": "2025-05-31T23:50:25.297543",
    "quantity_sold": 18,
    "revenue": 1322.64,
    "unit_price": 73.26,
    "store_id": "store_4"
  },
  {
    "product_id": 7,
    "product_name": "Product 7",
    "category": "Snacks",
    "date": "2025-06-01T23:50:25.297545",
    "quantity_sold": 16,
    "revenue": 1148.61,
    "unit_price": 73.26,
    "store_id": "store_4"
  },
  {
    "product_id": 7,
    "product_name": "Product 7",
    "category": "Snacks",
    "date": "2025-06-02T23:50:25.297547",
    "quantity_sold": 18,
    "revenue": 1296.42,
    "unit_price": 73.26,
    "store_id": "store_5"
  },
  {
    "product_id": 7,
    "product_name": "Product 7",
    "category": "Snacks",
    "date": "2025-06-03T23:50:25.297548",
    "quantity_sold": 23,
    "revenue": 1543.14,
    "unit_price": 73.26,
    "store_id": "store_4"
  },
  {
    "product_id": 7,
    "product_name": "Product 7",
    "category": "Snacks",
    "date": "2025-06-04T23:50:25.297550",
    "quantity_sold": 23,
    "revenue": 1835.84,
    "unit_price": 73.26,
    "store_id": "store_3"
  },
  {
    "product_id": 7,
    "product_name": "Product 7",
    "category": "Snacks",
    "date": "2025-06-05T23:50:25.297552",
    "quantity_sold": 28,
    "revenue": 2107.81,
    "unit_price": 73.26,
    "store_id": "store_4"
  },
  {
    "product_id": 7,
    "product_name": "Product 7",
    "category": "Snacks",
    "date": "2025-06-06T23:50:25.297554",
    "quantity_sold": 30,
    "revenue": 2388.23,
    "unit_price": 73.26,
    "store_id": "store_1"
  },
  {
    "product_id": 7,
    "product_name": "Product 7",
    "category": "Snacks",
    "date": "2025-06-07T23:50:25.297556",
    "quantity_sold": 23,
    "revenue": 1632.14,
    "unit_price": 73.26,
    "store_id": "store_5"
  },
  {
    "product_id": 7,
    "product_name": "Product 7",
    "category": "Snacks",
    "date": "2025-06-08T23:50:25.297557",
    "quantity_sold": 29,
    "revenue": 2141.31,
    "unit_price": 73.26,
    "store_id": "store_4"
  },
  {
    "product_id": 7,
    "product_name": "Product 7",
    "category": "Snacks",
    "date": "2025-06-09T23:50:25.297559",
    "quantity_sold": 22,
    "revenue": 1711.27,
    "unit_price": 73.26,
    "store_id": "store_1"
  },
  {
    "product_id": 7,
    "product_name": "Product 7",
    "category": "Snacks",
    "date": "2025-06-10T23:50:25.297561",
    "quantity_sold": 20,
    "revenue": 1550.36,
    "unit_price": 73.26,
    "store_id": "store_2"
  },
  {
    "product_id": 7,
    "product_name": "Product 7",
    "category": "Snacks",
    "date": "2025-06-11T23:50:25.297563",
    "quantity_sold": 29,
    "revenue": 2006.21,
    "unit_price": 73.26,
    "store_id": "store_5"
  },
  {
    "product_id": 7,
    "product_name": "Product 7",
    "category": "Snacks",
    "date": "2025-06-12T23:50:25.297565",
    "quantity_sold": 24,
    "revenue": 1670.44,
    "unit_price": 73.26,
    "store_id": "store_4"
  },
  {
    "product_id": 7,
    "product_name": "Product 7",
    "category": "Snacks",
    "date": "2025-06-13T23:50:25.297566",
    "quantity_sold": 21,
    "revenue": 1386.07,
    "unit_price": 73.26,
    "store_id": "store_2"
  },
  {
    "product_id": 7,
    "product_name": "Product 7",
    "category": "Snacks",
    "date": "2025-06-14T23:50:25.297568",
    "quantity_sold": 25,
    "revenue": 1783.81,
    "unit_price": 73.26,
    "store_id": "store_4"
  },
  {
    "product_id": 7,
    "product_name": "Product 7",
    "category": "Snacks",
    "date": "2025-06-15T23:50:25.297570",
    "quantity_sold": 24,
    "revenue": 1843.95,
    "unit_price": 73.26,
    "store_id": "store_4"
  },
  {
    "product_id": 7,
    "product_name": "Product 7",
    "category": "Snacks",
    "date": "2025-06-16T23:50:25.297571",
    "quantity_sold": 21,
    "revenue": 1683.48,
    "unit_price": 73.26,
    "store_id": "store_2"
  },
  {
    "product_id": 7,
    "product_name": "Product 7",
    "category": "Snacks",
    "date": "2025-06-17T23:50:25.297573",
    "quantity_sold": 27,
    "revenue": 1785.03,
    "unit_price": 73.26,
    "store_id": "store_5"
  },
  {
    "product_id": 7,
    "product_name": "Product 7",
    "category": "Snacks",
    "date": "2025-06-18T23:50:25.297575",
    "quantity_sold": 32,
    "revenue": 2185.12,
    "unit_price": 73.26,
    "store_id": "store_4"
  },
  {
    "product_id": 7,
    "product_name": "Product 7",
    "category": "Snacks",
    "date": "2025-06-19T23:50:25.297577",
    "quantity_sold": 17,
    "revenue": 1307.68,
    "unit_price": 73.26,
    "store_id": "store_3"
  },
  {
    "product_id": 7,
    "product_name": "Product 7",
    "category": "Snacks",
    "date": "2025-06-20T23:50:25.297578",
    "quantity_sold": 17,
    "revenue": 1176.81,
    "unit_price": 73.26,
    "store_id": "store_3"
  },
  {
    "product_id": 7,
    "product_name": "Product 7",
    "category": "Snacks",
    "date": "2025-06-21T23:50:25.297580",
    "quantity_sold": 27,
    "revenue": 1830.88,
    "unit_price": 73.26,
    "store_id": "store_5"
  },
  {
    "product_id": 7,
    "product_name": "Product 7",
    "category": "Snacks",
    "date": "2025-06-22T23:50:25.297582",
    "quantity_sold": 15,
    "revenue": 1010.99,
    "unit_price": 73.26,
    "store_id": "store_5"
  },
  {
    "product_id": 7,
    "product_name": "Product 7",
    "category": "Snacks",
    "date": "2025-06-23T23:50:25.297583",
    "quantity_sold": 26,
    "revenue": 2027.4,
    "unit_price": 73.26,
    "store_id": "store_3"
  },
  {
    "product_id": 7,
    "product_name": "Product 7",
    "category": "Snacks",
    "date": "2025-06-24T23:50:25.297585",
    "quantity_sold": 30,
    "revenue": 2100.99,
    "unit_price": 73.26,
    "store_id": "store_4"
  },
  {
    "product_id": 7,
    "product_name": "Product 7",
    "category": "Snacks",
    "date": "2025-06-25T23:50:25.297588",
    "quantity_sold": 45,
    "revenue": 2970.9,
    "unit_price": 73.26,
    "store_id": "store_3"
  },
  {
    "product_id": 7,
    "product_name": "Product 7",
    "category": "Snacks",
    "date": "2025-06-26T23:50:25.297590",
    "quantity_sold": 18,
    "revenue": 1356.58,
    "unit_price": 73.26,
    "store_id": "store_1"
  },
  {
    "product_id": 7,
    "product_name": "Product 7",
    "category": "Snacks",
    "date": "2025-06-27T23:50:25.297591",
    "quantity_sold": 29,
    "revenue": 2200.48,
    "unit_price": 73.26,
    "store_id": "store_2"
  },
  {
    "product_id": 7,
    "product_name": "Product 7",
    "category": "Snacks",
    "date": "2025-06-28T23:50:25.297593",
    "quantity_sold": 24,
    "revenue": 1869.21,
    "unit_price": 73.26,
    "store_id": "store_1"
  },
  {
    "product_id": 7,
    "product_name": "Product 7",
    "category": "Snacks",
    "date": "2025-06-29T23:50:25.297595",
    "quantity_sold": 18,
    "revenue": 1407.8,
    "unit_price": 73.26,
    "store_id": "store_5"
  },
  {
    "product_id": 7,
    "product_name": "Product 7",
    "category": "Snacks",
    "date": "2025-06-30T23:50:25.297597",
    "quantity_sold": 28,
    "revenue": 2126.92,
    "unit_price": 73.26,
    "store_id": "store_3"
  },
  {
    "product_id": 7,
    "product_name": "Product 7",
    "category": "Snacks",
    "date": "2025-07-01T23:50:25.297599",
    "quantity_sold": 22,
    "revenue": 1493.08,
    "unit_price": 73.26,
    "store_id": "store_5"
  },
  {
    "product_id": 7,
    "product_name": "Product 7",
    "category": "Snacks",
    "date": "2025-07-02T23:50:25.297600",
    "quantity_sold": 19,
    "revenue": 1487.59,
    "unit_price": 73.26,
    "store_id": "store_3"
  },
  {
    "product_id": 7,
    "product_name": "Product 7",
    "category": "Snacks",
    "date": "2025-07-03T23:50:25.297602",
    "quantity_sold": 23,
    "revenue": 1707.3,
    "unit_price": 73.26,
    "store_id": "store_1"
  },
  {
    "product_id": 7,
    "product_name": "Product 7",
    "category": "Snacks",
    "date": "2025-07-04T23:50:25.297604",
    "quantity_sold": 55,
    "revenue": 4329.99,
    "unit_price": 73.26,
    "store_id": "store_2"
  },
  {
    "product_id": 7,
    "product_name": "Product 7",
    "category": "Snacks",
    "date": "2025-07-05T23:50:25.297606",
    "quantity_sold": 27,
    "revenue": 1810.71,
    "unit_price": 73.26,
    "store_id": "store_2"
  },
  {
    "product_id": 7,
    "product_name": "Product 7",
    "category": "Snacks",
    "date": "2025-07-06T23:50:25.297608",
    "quantity_sold": 56,
    "revenue": 4022.92,
    "unit_price": 73.26,
    "store_id": "store_5"
  },
  {
    "product_id": 7,
    "product_name": "Product 7",
    "category": "Snacks",
    "date": "2025-07-07T23:50:25.297609",
    "quantity_sold": 18,
    "revenue": 1265.19,
    "unit_price": 73.26,
    "store_id": "store_4"
  },
  {
    "product_id": 7,
    "product_name": "Product 7",
    "category": "Snacks",
    "date": "2025-07-08T23:50:25.297611",
    "quantity_sold": 33,
    "revenue": 2338.59,
    "unit_price": 73.26,
    "store_id": "store_3"
  },
  {
    "product_id": 7,
    "product_name": "Product 7",
    "category": "Snacks",
    "date": "2025-07-09T23:50:25.297613",
    "quantity_sold": 29,
    "revenue": 2079.48,
    "unit_price": 73.26,
    "store_id": "store_5"
  },
  {
    "product_id": 7,
    "product_name": "Product 7",
    "category": "Snacks",
    "date": "2025-07-10T23:50:25.297615",
    "quantity_sold": 28,
    "revenue": 2149.59,
    "unit_price": 73.26,
    "store_id": "store_5"
  },
  {
    "product_id": 7,
    "product_name": "Product 7",
    "category": "Snacks",
    "date": "2025-07-11T23:50:25.297617",
    "quantity_sold": 21,
    "revenue": 1539.55,
    "unit_price": 73.26,
    "store_id": "store_4"
  },
  {
    "product_id": 7,
    "product_name": "Product 7",
    "category": "Snacks",
    "date": "2025-07-12T23:50:25.297618",
    "quantity_sold": 23,
    "revenue": 1726.46,
    "unit_price": 73.26,
    "store_id": "store_3"
  },
  {
    "product_id": 8,
    "product_name": "Product 8",
    "category": "Electronics",
    "date": "2025-04-14T23:50:25.297621",
    "quantity_sold": 26,
    "revenue": 2189.63,
    "unit_price": 76.76,
    "store_id": "store_2"
  },
  {
    "product_id": 8,
    "product_name": "Product 8",
    "category": "Electronics",
    "date": "2025-04-15T23:50:25.297623",
    "quantity_sold": 19,
    "revenue": 1491.8,
    "unit_price": 76.76,
    "store_id": "store_2"
  },
  {
    "product_id": 8,
    "product_name": "Product 8",
    "category": "Electronics",
    "date": "2025-04-16T23:50:25.297625",
    "quantity_sold": 30,
    "revenue": 2318.48,
    "unit_price": 76.76,
    "store_id": "store_5"
  },
  {
    "product_id": 8,
    "product_name": "Product 8",
    "category": "Electronics",
    "date": "2025-04-17T23:50:25.297626",
    "quantity_sold": 26,
    "revenue": 1927.46,
    "unit_price": 76.76,
    "store_id": "store_3"
  },
  {
    "product_id": 8,
    "product_name": "Product 8",
    "category": "Electronics",
    "date": "2025-04-18T23:50:25.297628",
    "quantity_sold": 23,
    "revenue": 1811.76,
    "unit_price": 76.76,
    "store_id": "store_5"
  },
  {
    "product_id": 8,
    "product_name": "Product 8",
    "category": "Electronics",
    "date": "2025-04-19T23:50:25.297630",
    "quantity_sold": 17,
    "revenue": 1413.91,
    "unit_price": 76.76,
    "store_id": "store_2"
  },
  {
    "product_id": 8,
    "product_name": "Product 8",
    "category": "Electronics",
    "date": "2025-04-20T23:50:25.297632",
    "quantity_sold": 16,
    "revenue": 1318.55,
    "unit_price": 76.76,
    "store_id": "store_2"
  },
  {
    "product_id": 8,
    "product_name": "Product 8",
    "category": "Electronics",
    "date": "2025-04-21T23:50:25.297633",
    "quantity_sold": 32,
    "revenue": 2405.97,
    "unit_price": 76.76,
    "store_id": "store_1"
  },
  {
    "product_id": 8,
    "product_name": "Product 8",
    "category": "Electronics",
    "date": "2025-04-22T23:50:25.297635",
    "quantity_sold": 35,
    "revenue": 2790.36,
    "unit_price": 76.76,
    "store_id": "store_3"
  },
  {
    "product_id": 8,
    "product_name": "Product 8",
    "category": "Electronics",
    "date": "2025-04-23T23:50:25.297637",
    "quantity_sold": 20,
    "revenue": 1422.74,
    "unit_price": 76.76,
    "store_id": "store_2"
  },
  {
    "product_id": 8,
    "product_name": "Product 8",
    "category": "Electronics",
    "date": "2025-04-24T23:50:25.297639",
    "quantity_sold": 20,
    "revenue": 1583.88,
    "unit_price": 76.76,
    "store_id": "store_4"
  },
  {
    "product_id": 8,
    "product_name": "Product 8",
    "category": "Electronics",
    "date": "2025-04-25T23:50:25.297640",
    "quantity_sold": 29,
    "revenue": 2350.44,
    "unit_price": 76.76,
    "store_id": "store_1"
  },
  {
    "product_id": 8,
    "product_name": "Product 8",
    "category": "Electronics",
    "date": "2025-04-26T23:50:25.297642",
    "quantity_sold": 43,
    "revenue": 3501.73,
    "unit_price": 76.76,
    "store_id": "store_5"
  },
  {
    "product_id": 8,
    "product_name": "Product 8",
    "category": "Electronics",
    "date": "2025-04-27T23:50:25.297644",
    "quantity_sold": 22,
    "revenue": 1654.26,
    "unit_price": 76.76,
    "store_id": "store_1"
  },
  {
    "product_id": 8,
    "product_name": "Product 8",
    "category": "Electronics",
    "date": "2025-04-28T23:50:25.297646",
    "quantity_sold": 23,
    "revenue": 1824.58,
    "unit_price": 76.76,
    "store_id": "store_2"
  },
  {
    "product_id": 8,
    "product_name": "Product 8",
    "category": "Electronics",
    "date": "2025-04-29T23:50:25.297647",
    "quantity_sold": 25,
    "revenue": 1858.35,
    "unit_price": 76.76,
    "store_id": "store_5"
  },
  {
    "product_id": 8,
    "product_name": "Product 8",
    "category": "Electronics",
    "date": "2025-04-30T23:50:25.297649",
    "quantity_sold": 23,
    "revenue": 1714.77,
    "unit_price": 76.76,
    "store_id": "store_3"
  },
  {
    "product_id": 8,
    "product_name": "Product 8",
    "category": "Electronics",
    "date": "2025-05-01T23:50:25.297651",
    "quantity_sold": 63,
    "revenue": 5242.57,
    "unit_price": 76.76,
    "store_id": "store_4"
  },
  {
    "product_id": 8,
    "product_name": "Product 8",
    "category": "Electronics",
    "date": "2025-05-02T23:50:25.297653",
    "quantity_sold": 36,
    "revenue": 2675.15,
    "unit_price": 76.76,
    "store_id": "store_5"
  },
  {
    "product_id": 8,
    "product_name": "Product 8",
    "category": "Electronics",
    "date": "2025-05-03T23:50:25.297654",
    "quantity_sold": 17,
    "revenue": 1240.48,
    "unit_price": 76.76,
    "store_id": "store_4"
  },
  {
    "product_id": 8,
    "product_name": "Product 8",
    "category": "Electronics",
    "date": "2025-05-04T23:50:25.297656",
    "quantity_sold": 20,
    "revenue": 1640.88,
    "unit_price": 76.76,
    "store_id": "store_2"
  },
  {
    "product_id": 8,
    "product_name": "Product 8",
    "category": "Electronics",
    "date": "2025-05-05T23:50:25.297658",
    "quantity_sold": 30,
    "revenue": 2512.45,
    "unit_price": 76.76,
    "store_id": "store_4"
  },
  {
    "product_id": 8,
    "product_name": "Product 8",
    "category": "Electronics",
    "date": "2025-05-06T23:50:25.297660",
    "quantity_sold": 20,
    "revenue": 1675.97,
    "unit_price": 76.76,
    "store_id": "store_2"
  },
  {
    "product_id": 8,
    "product_name": "Product 8",
    "category": "Electronics",
    "date": "2025-05-07T23:50:25.297661",
    "quantity_sold": 29,
    "revenue": 2435.56,
    "unit_price": 76.76,
    "store_id": "store_4"
  },
  {
    "product_id": 8,
    "product_name": "Product 8",
    "category": "Electronics",
    "date": "2025-05-08T23:50:25.297663",
    "quantity_sold": 24,
    "revenue": 1882.15,
    "unit_price": 76.76,
    "store_id": "store_2"
  },
  {
    "product_id": 8,
    "product_name": "Product 8",
    "category": "Electronics",
    "date": "2025-05-09T23:50:25.297665",
    "quantity_sold": 74,
    "revenue": 5970.98,
    "unit_price": 76.76,
    "store_id": "store_1"
  },
  {
    "product_id": 8,
    "product_name": "Product 8",
    "category": "Electronics",
    "date": "2025-05-10T23:50:25.297667",
    "quantity_sold": 15,
    "revenue": 1182.64,
    "unit_price": 76.76,
    "store_id": "store_2"
  },
  {
    "product_id": 8,
    "product_name": "Product 8",
    "category": "Electronics",
    "date": "2025-05-11T23:50:25.297669",
    "quantity_sold": 15,
    "revenue": 1203.39,
    "unit_price": 76.76,
    "store_id": "store_2"
  },
  {
    "product_id": 8,
    "product_name": "Product 8",
    "category": "Electronics",
    "date": "2025-05-12T23:50:25.297670",
    "quantity_sold": 35,
    "revenue": 2702.46,
    "unit_price": 76.76,
    "store_id": "store_2"
  },
  {
    "product_id": 8,
    "product_name": "Product 8",
    "category": "Electronics",
    "date": "2025-05-13T23:50:25.297672",
    "quantity_sold": 23,
    "revenue": 1779.71,
    "unit_price": 76.76,
    "store_id": "store_1"
  },
  {
    "product_id": 8,
    "product_name": "Product 8",
    "category": "Electronics",
    "date": "2025-05-14T23:50:25.297674",
    "quantity_sold": 26,
    "revenue": 2144.71,
    "unit_price": 76.76,
    "store_id": "store_5"
  },
  {
    "product_id": 8,
    "product_name": "Product 8",
    "category": "Electronics",
    "date": "2025-05-15T23:50:25.297675",
    "quantity_sold": 31,
    "revenue": 2498.28,
    "unit_price": 76.76,
    "store_id": "store_5"
  },
  {
    "product_id": 8,
    "product_name": "Product 8",
    "category": "Electronics",
    "date": "2025-05-16T23:50:25.297677",
    "quantity_sold": 33,
    "revenue": 2383.41,
    "unit_price": 76.76,
    "store_id": "store_2"
  },
  {
    "product_id": 8,
    "product_name": "Product 8",
    "category": "Electronics",
    "date": "2025-05-17T23:50:25.297679",
    "quantity_sold": 19,
    "revenue": 1588.33,
    "unit_price": 76.76,
    "store_id": "store_3"
  },
  {
    "product_id": 8,
    "product_name": "Product 8",
    "category": "Electronics",
    "date": "2025-05-18T23:50:25.297682",
    "quantity_sold": 17,
    "revenue": 1217.47,
    "unit_price": 76.76,
    "store_id": "store_5"
  },
  {
    "product_id": 8,
    "product_name": "Product 8",
    "category": "Electronics",
    "date": "2025-05-19T23:50:25.297683",
    "quantity_sold": 19,
    "revenue": 1514.84,
    "unit_price": 76.76,
    "store_id": "store_1"
  },
  {
    "product_id": 8,
    "product_name": "Product 8",
    "category": "Electronics",
    "date": "2025-05-20T23:50:25.297685",
    "quantity_sold": 29,
    "revenue": 2247.43,
    "unit_price": 76.76,
    "store_id": "store_3"
  },
  {
    "product_id": 8,
    "product_name": "Product 8",
    "category": "Electronics",
    "date": "2025-05-21T23:50:25.297687",
    "quantity_sold": 30,
    "revenue": 2208.63,
    "unit_price": 76.76,
    "store_id": "store_1"
  },
  {
    "product_id": 8,
    "product_name": "Product 8",
    "category": "Electronics",
    "date": "2025-05-22T23:50:25.297689",
    "quantity_sold": 36,
    "revenue": 2911.82,
    "unit_price": 76.76,
    "store_id": "store_2"
  },
  {
    "product_id": 8,
    "product_name": "Product 8",
    "category": "Electronics",
    "date": "2025-05-23T23:50:25.297690",
    "quantity_sold": 28,
    "revenue": 2243.16,
    "unit_price": 76.76,
    "store_id": "store_1"
  },
  {
    "product_id": 8,
    "product_name": "Product 8",
    "category": "Electronics",
    "date": "2025-05-24T23:50:25.297692",
    "quantity_sold": 23,
    "revenue": 1897.71,
    "unit_price": 76.76,
    "store_id": "store_2"
  },
  {
    "product_id": 8,
    "product_name": "Product 8",
    "category": "Electronics",
    "date": "2025-05-25T23:50:25.297694",
    "quantity_sold": 13,
    "revenue": 1066.93,
    "unit_price": 76.76,
    "store_id": "store_5"
  },
  {
    "product_id": 8,
    "product_name": "Product 8",
    "category": "Electronics",
    "date": "2025-05-26T23:50:25.297696",
    "quantity_sold": 22,
    "revenue": 1607.67,
    "unit_price": 76.76,
    "store_id": "store_2"
  },
  {
    "product_id": 8,
    "product_name": "Product 8",
    "category": "Electronics",
    "date": "2025-05-27T23:50:25.297698",
    "quantity_sold": 74,
    "revenue": 5231.75,
    "unit_price": 76.76,
    "store_id": "store_3"
  },
  {
    "product_id": 8,
    "product_name": "Product 8",
    "category": "Electronics",
    "date": "2025-05-28T23:50:25.297699",
    "quantity_sold": 24,
    "revenue": 1914.72,
    "unit_price": 76.76,
    "store_id": "store_3"
  },
  {
    "product_id": 8,
    "product_name": "Product 8",
    "category": "Electronics",
    "date": "2025-05-29T23:50:25.297701",
    "quantity_sold": 20,
    "revenue": 1653.24,
    "unit_price": 76.76,
    "store_id": "store_5"
  },
  {
    "product_id": 8,
    "product_name": "Product 8",
    "category": "Electronics",
    "date": "2025-05-30T23:50:25.297703",
    "quantity_sold": 22,
    "revenue": 1574.19,
    "unit_price": 76.76,
    "store_id": "store_1"
  },
  {
    "product_id": 8,
    "product_name": "Product 8",
    "category": "Electronics",
    "date": "2025-05-31T23:50:25.297704",
    "quantity_sold": 14,
    "revenue": 1108.38,
    "unit_price": 76.76,
    "store_id": "store_2"
  },
  {
    "product_id": 8,
    "product_name": "Product 8",
    "category": "Electronics",
    "date": "2025-06-01T23:50:25.297706",
    "quantity_sold": 22,
    "revenue": 1828.67,
    "unit_price": 76.76,
    "store_id": "store_5"
  },
  {
    "product_id": 8,
    "product_name": "Product 8",
    "category": "Electronics",
    "date": "2025-06-02T23:50:25.297708",
    "quantity_sold": 38,
    "revenue": 2627.92,
    "unit_price": 76.76,
    "store_id": "store_1"
  },
  {
    "product_id": 8,
    "product_name": "Product 8",
    "category": "Electronics",
    "date": "2025-06-03T23:50:25.297710",
    "quantity_sold": 22,
    "revenue": 1673.09,
    "unit_price": 76.76,
    "store_id": "store_2"
  },
  {
    "product_id": 8,
    "product_name": "Product 8",
    "category": "Electronics",
    "date": "2025-06-04T23:50:25.297711",
    "quantity_sold": 20,
    "revenue": 1467.18,
    "unit_price": 76.76,
    "store_id": "store_3"
  },
  {
    "product_id": 8,
    "product_name": "Product 8",
    "category": "Electronics",
    "date": "2025-06-05T23:50:25.297713",
    "quantity_sold": 22,
    "revenue": 1770.2,
    "unit_price": 76.76,
    "store_id": "store_4"
  },
  {
    "product_id": 8,
    "product_name": "Product 8",
    "category": "Electronics",
    "date": "2025-06-06T23:50:25.297715",
    "quantity_sold": 25,
    "revenue": 2070.45,
    "unit_price": 76.76,
    "store_id": "store_4"
  },
  {
    "product_id": 8,
    "product_name": "Product 8",
    "category": "Electronics",
    "date": "2025-06-07T23:50:25.297717",
    "quantity_sold": 14,
    "revenue": 1021.93,
    "unit_price": 76.76,
    "store_id": "store_1"
  },
  {
    "product_id": 8,
    "product_name": "Product 8",
    "category": "Electronics",
    "date": "2025-06-08T23:50:25.297718",
    "quantity_sold": 44,
    "revenue": 3172.52,
    "unit_price": 76.76,
    "store_id": "store_3"
  },
  {
    "product_id": 8,
    "product_name": "Product 8",
    "category": "Electronics",
    "date": "2025-06-09T23:50:25.297720",
    "quantity_sold": 31,
    "revenue": 2355.3,
    "unit_price": 76.76,
    "store_id": "store_5"
  },
  {
    "product_id": 8,
    "product_name": "Product 8",
    "category": "Electronics",
    "date": "2025-06-10T23:50:25.297722",
    "quantity_sold": 24,
    "revenue": 1795.61,
    "unit_price": 76.76,
    "store_id": "store_4"
  },
  {
    "product_id": 8,
    "product_name": "Product 8",
    "category": "Electronics",
    "date": "2025-06-11T23:50:25.297724",
    "quantity_sold": 25,
    "revenue": 1776.93,
    "unit_price": 76.76,
    "store_id": "store_3"
  },
  {
    "product_id": 8,
    "product_name": "Product 8",
    "category": "Electronics",
    "date": "2025-06-12T23:50:25.297725",
    "quantity_sold": 70,
    "revenue": 5105.9,
    "unit_price": 76.76,
    "store_id": "store_4"
  },
  {
    "product_id": 8,
    "product_name": "Product 8",
    "category": "Electronics",
    "date": "2025-06-13T23:50:25.297729",
    "quantity_sold": 25,
    "revenue": 1841.13,
    "unit_price": 76.76,
    "store_id": "store_5"
  },
  {
    "product_id": 8,
    "product_name": "Product 8",
    "category": "Electronics",
    "date": "2025-06-14T23:50:25.297731",
    "quantity_sold": 14,
    "revenue": 1177.71,
    "unit_price": 76.76,
    "store_id": "store_4"
  },
  {
    "product_id": 8,
    "product_name": "Product 8",
    "category": "Electronics",
    "date": "2025-06-15T23:50:25.297733",
    "quantity_sold": 22,
    "revenue": 1557.15,
    "unit_price": 76.76,
    "store_id": "store_4"
  },
  {
    "product_id": 8,
    "product_name": "Product 8",
    "category": "Electronics",
    "date": "2025-06-16T23:50:25.297735",
    "quantity_sold": 34,
    "revenue": 2539.06,
    "unit_price": 76.76,
    "store_id": "store_1"
  },
  {
    "product_id": 8,
    "product_name": "Product 8",
    "category": "Electronics",
    "date": "2025-06-17T23:50:25.297736",
    "quantity_sold": 26,
    "revenue": 1807.27,
    "unit_price": 76.76,
    "store_id": "store_2"
  },
  {
    "product_id": 8,
    "product_name": "Product 8",
    "category": "Electronics",
    "date": "2025-06-18T23:50:25.297738",
    "quantity_sold": 30,
    "revenue": 2134.59,
    "unit_price": 76.76,
    "store_id": "store_2"
  },
  {
    "product_id": 8,
    "product_name": "Product 8",
    "category": "Electronics",
    "date": "2025-06-19T23:50:25.297740",
    "quantity_sold": 28,
    "revenue": 2047.6,
    "unit_price": 76.76,
    "store_id": "store_3"
  },
  {
    "product_id": 8,
    "product_name": "Product 8",
    "category": "Electronics",
    "date": "2025-06-20T23:50:25.297741",
    "quantity_sold": 29,
    "revenue": 2216.6,
    "unit_price": 76.76,
    "store_id": "store_2"
  },
  {
    "product_id": 8,
    "product_name": "Product 8",
    "category": "Electronics",
    "date": "2025-06-21T23:50:25.297743",
    "quantity_sold": 16,
    "revenue": 1295.23,
    "unit_price": 76.76,
    "store_id": "store_2"
  },
  {
    "product_id": 8,
    "product_name": "Product 8",
    "category": "Electronics",
    "date": "2025-06-22T23:50:25.297745",
    "quantity_sold": 20,
    "revenue": 1606.52,
    "unit_price": 76.76,
    "store_id": "store_4"
  },
  {
    "product_id": 8,
    "product_name": "Product 8",
    "category": "Electronics",
    "date": "2025-06-23T23:50:25.297747",
    "quantity_sold": 42,
    "revenue": 3314.34,
    "unit_price": 76.76,
    "store_id": "store_3"
  },
  {
    "product_id": 8,
    "product_name": "Product 8",
    "category": "Electronics",
    "date": "2025-06-24T23:50:25.297748",
    "quantity_sold": 21,
    "revenue": 1769.39,
    "unit_price": 76.76,
    "store_id": "store_1"
  },
  {
    "product_id": 8,
    "product_name": "Product 8",
    "category": "Electronics",
    "date": "2025-06-25T23:50:25.297750",
    "quantity_sold": 44,
    "revenue": 3262.37,
    "unit_price": 76.76,
    "store_id": "store_2"
  },
  {
    "product_id": 8,
    "product_name": "Product 8",
    "category": "Electronics",
    "date": "2025-06-26T23:50:25.297752",
    "quantity_sold": 34,
    "revenue": 2452.23,
    "unit_price": 76.76,
    "store_id": "store_5"
  },
  {
    "product_id": 8,
    "product_name": "Product 8",
    "category": "Electronics",
    "date": "2025-06-27T23:50:25.297753",
    "quantity_sold": 29,
    "revenue": 2391.58,
    "unit_price": 76.76,
    "store_id": "store_4"
  },
  {
    "product_id": 8,
    "product_name": "Product 8",
    "category": "Electronics",
    "date": "2025-06-28T23:50:25.297755",
    "quantity_sold": 15,
    "revenue": 1210.77,
    "unit_price": 76.76,
    "store_id": "store_2"
  },
  {
    "product_id": 8,
    "product_name": "Product 8",
    "category": "Electronics",
    "date": "2025-06-29T23:50:25.297757",
    "quantity_sold": 22,
    "revenue": 1627.73,
    "unit_price": 76.76,
    "store_id": "store_5"
  },
  {
    "product_id": 8,
    "product_name": "Product 8",
    "category": "Electronics",
    "date": "2025-06-30T23:50:25.297759",
    "quantity_sold": 27,
    "revenue": 2213.86,
    "unit_price": 76.76,
    "store_id": "store_1"
  },
  {
    "product_id": 8,
    "product_name": "Product 8",
    "category": "Electronics",
    "date": "2025-07-01T23:50:25.297761",
    "quantity_sold": 23,
    "revenue": 1621.16,
    "unit_price": 76.76,
    "store_id": "store_2"
  },
  {
    "product_id": 8,
    "product_name": "Product 8",
    "category": "Electronics",
    "date": "2025-07-02T23:50:25.297762",
    "quantity_sold": 20,
    "revenue": 1577.17,
    "unit_price": 76.76,
    "store_id": "store_4"
  },
  {
    "product_id": 8,
    "product_name": "Product 8",
    "category": "Electronics",
    "date": "2025-07-03T23:50:25.297764",
    "quantity_sold": 25,
    "revenue": 2008.21,
    "unit_price": 76.76,
    "store_id": "store_4"
  },
  {
    "product_id": 8,
    "product_name": "Product 8",
    "category": "Electronics",
    "date": "2025-07-04T23:50:25.297837",
    "quantity_sold": 31,
    "revenue": 2187.45,
    "unit_price": 76.76,
    "store_id": "store_3"
  },
  {
    "product_id": 8,
    "product_name": "Product 8",
    "category": "Electronics",
    "date": "2025-07-05T23:50:25.297839",
    "quantity_sold": 20,
    "revenue": 1658.24,
    "unit_price": 76.76,
    "store_id": "store_4"
  },
  {
    "product_id": 8,
    "product_name": "Product 8",
    "category": "Electronics",
    "date": "2025-07-06T23:50:25.297841",
    "quantity_sold": 15,
    "revenue": 1169.67,
    "unit_price": 76.76,
    "store_id": "store_2"
  },
  {
    "product_id": 8,
    "product_name": "Product 8",
    "category": "Electronics",
    "date": "2025-07-07T23:50:25.297842",
    "quantity_sold": 30,
    "revenue": 2281.55,
    "unit_price": 76.76,
    "store_id": "store_1"
  },
  {
    "product_id": 8,
    "product_name": "Product 8",
    "category": "Electronics",
    "date": "2025-07-08T23:50:25.297844",
    "quantity_sold": 24,
    "revenue": 1670.63,
    "unit_price": 76.76,
    "store_id": "store_2"
  },
  {
    "product_id": 8,
    "product_name": "Product 8",
    "category": "Electronics",
    "date": "2025-07-09T23:50:25.297846",
    "quantity_sold": 25,
    "revenue": 2060.43,
    "unit_price": 76.76,
    "store_id": "store_1"
  },
  {
    "product_id": 8,
    "product_name": "Product 8",
    "category": "Electronics",
    "date": "2025-07-10T23:50:25.297847",
    "quantity_sold": 26,
    "revenue": 1903.02,
    "unit_price": 76.76,
    "store_id": "store_5"
  },
  {
    "product_id": 8,
    "product_name": "Product 8",
    "category": "Electronics",
    "date": "2025-07-11T23:50:25.297849",
    "quantity_sold": 39,
    "revenue": 3241.79,
    "unit_price": 76.76,
    "store_id": "store_4"
  },
  {
    "product_id": 8,
    "product_name": "Product 8",
    "category": "Electronics",
    "date": "2025-07-12T23:50:25.297851",
    "quantity_sold": 15,
    "revenue": 1194.23,
    "unit_price": 76.76,
    "store_id": "store_1"
  },
  {
    "product_id": 9,
    "product_name": "Product 9",
    "category": "Clothing",
    "date": "2025-04-14T23:50:25.297853",
    "quantity_sold": 22,
    "revenue": 247.41,
    "unit_price": 11.45,
    "store_id": "store_2"
  },
  {
    "product_id": 9,
    "product_name": "Product 9",
    "category": "Clothing",
    "date": "2025-04-15T23:50:25.297855",
    "quantity_sold": 27,
    "revenue": 296.66,
    "unit_price": 11.45,
    "store_id": "store_3"
  },
  {
    "product_id": 9,
    "product_name": "Product 9",
    "category": "Clothing",
    "date": "2025-04-16T23:50:25.297857",
    "quantity_sold": 20,
    "revenue": 214.11,
    "unit_price": 11.45,
    "store_id": "store_2"
  },
  {
    "product_id": 9,
    "product_name": "Product 9",
    "category": "Clothing",
    "date": "2025-04-17T23:50:25.297859",
    "quantity_sold": 34,
    "revenue": 386.73,
    "unit_price": 11.45,
    "store_id": "store_2"
  },
  {
    "product_id": 9,
    "product_name": "Product 9",
    "category": "Clothing",
    "date": "2025-04-18T23:50:25.297861",
    "quantity_sold": 33,
    "revenue": 396.21,
    "unit_price": 11.45,
    "store_id": "store_2"
  },
  {
    "product_id": 9,
    "product_name": "Product 9",
    "category": "Clothing",
    "date": "2025-04-19T23:50:25.297862",
    "quantity_sold": 21,
    "revenue": 231.01,
    "unit_price": 11.45,
    "store_id": "store_3"
  },
  {
    "product_id": 9,
    "product_name": "Product 9",
    "category": "Clothing",
    "date": "2025-04-20T23:50:25.297864",
    "quantity_sold": 18,
    "revenue": 191.45,
    "unit_price": 11.45,
    "store_id": "store_2"
  },
  {
    "product_id": 9,
    "product_name": "Product 9",
    "category": "Clothing",
    "date": "2025-04-21T23:50:25.297866",
    "quantity_sold": 31,
    "revenue": 376.38,
    "unit_price": 11.45,
    "store_id": "store_2"
  },
  {
    "product_id": 9,
    "product_name": "Product 9",
    "category": "Clothing",
    "date": "2025-04-22T23:50:25.297868",
    "quantity_sold": 27,
    "revenue": 315.74,
    "unit_price": 11.45,
    "store_id": "store_3"
  },
  {
    "product_id": 9,
    "product_name": "Product 9",
    "category": "Clothing",
    "date": "2025-04-23T23:50:25.297869",
    "quantity_sold": 33,
    "revenue": 371.63,
    "unit_price": 11.45,
    "store_id": "store_3"
  },
  {
    "product_id": 9,
    "product_name": "Product 9",
    "category": "Clothing",
    "date": "2025-04-24T23:50:25.297871",
    "quantity_sold": 35,
    "revenue": 374.16,
    "unit_price": 11.45,
    "store_id": "store_3"
  },
  {
    "product_id": 9,
    "product_name": "Product 9",
    "category": "Clothing",
    "date": "2025-04-25T23:50:25.297873",
    "quantity_sold": 23,
    "revenue": 242.83,
    "unit_price": 11.45,
    "store_id": "store_1"
  },
  {
    "product_id": 9,
    "product_name": "Product 9",
    "category": "Clothing",
    "date": "2025-04-26T23:50:25.297876",
    "quantity_sold": 13,
    "revenue": 149.3,
    "unit_price": 11.45,
    "store_id": "store_4"
  },
  {
    "product_id": 9,
    "product_name": "Product 9",
    "category": "Clothing",
    "date": "2025-04-27T23:50:25.297878",
    "quantity_sold": 18,
    "revenue": 222.5,
    "unit_price": 11.45,
    "store_id": "store_2"
  },
  {
    "product_id": 9,
    "product_name": "Product 9",
    "category": "Clothing",
    "date": "2025-04-28T23:50:25.297879",
    "quantity_sold": 36,
    "revenue": 429.77,
    "unit_price": 11.45,
    "store_id": "store_4"
  },
  {
    "product_id": 9,
    "product_name": "Product 9",
    "category": "Clothing",
    "date": "2025-04-29T23:50:25.297882",
    "quantity_sold": 58,
    "revenue": 611.34,
    "unit_price": 11.45,
    "store_id": "store_2"
  },
  {
    "product_id": 9,
    "product_name": "Product 9",
    "category": "Clothing",
    "date": "2025-04-30T23:50:25.297883",
    "quantity_sold": 35,
    "revenue": 433.64,
    "unit_price": 11.45,
    "store_id": "store_4"
  },
  {
    "product_id": 9,
    "product_name": "Product 9",
    "category": "Clothing",
    "date": "2025-05-01T23:50:25.297885",
    "quantity_sold": 67,
    "revenue": 832.55,
    "unit_price": 11.45,
    "store_id": "store_4"
  },
  {
    "product_id": 9,
    "product_name": "Product 9",
    "category": "Clothing",
    "date": "2025-05-02T23:50:25.297887",
    "quantity_sold": 21,
    "revenue": 262.85,
    "unit_price": 11.45,
    "store_id": "store_5"
  },
  {
    "product_id": 9,
    "product_name": "Product 9",
    "category": "Clothing",
    "date": "2025-05-03T23:50:25.297888",
    "quantity_sold": 14,
    "revenue": 152.97,
    "unit_price": 11.45,
    "store_id": "store_4"
  },
  {
    "product_id": 9,
    "product_name": "Product 9",
    "category": "Clothing",
    "date": "2025-05-04T23:50:25.297890",
    "quantity_sold": 19,
    "revenue": 238.22,
    "unit_price": 11.45,
    "store_id": "store_2"
  },
  {
    "product_id": 9,
    "product_name": "Product 9",
    "category": "Clothing",
    "date": "2025-05-05T23:50:25.297892",
    "quantity_sold": 28,
    "revenue": 327.75,
    "unit_price": 11.45,
    "store_id": "store_1"
  },
  {
    "product_id": 9,
    "product_name": "Product 9",
    "category": "Clothing",
    "date": "2025-05-06T23:50:25.297894",
    "quantity_sold": 23,
    "revenue": 286.99,
    "unit_price": 11.45,
    "store_id": "store_4"
  },
  {
    "product_id": 9,
    "product_name": "Product 9",
    "category": "Clothing",
    "date": "2025-05-07T23:50:25.297895",
    "quantity_sold": 25,
    "revenue": 260.97,
    "unit_price": 11.45,
    "store_id": "store_3"
  },
  {
    "product_id": 9,
    "product_name": "Product 9",
    "category": "Clothing",
    "date": "2025-05-08T23:50:25.297897",
    "quantity_sold": 30,
    "revenue": 340.03,
    "unit_price": 11.45,
    "store_id": "store_5"
  },
  {
    "product_id": 9,
    "product_name": "Product 9",
    "category": "Clothing",
    "date": "2025-05-09T23:50:25.297899",
    "quantity_sold": 36,
    "revenue": 409.81,
    "unit_price": 11.45,
    "store_id": "store_5"
  },
  {
    "product_id": 9,
    "product_name": "Product 9",
    "category": "Clothing",
    "date": "2025-05-10T23:50:25.297901",
    "quantity_sold": 17,
    "revenue": 210.0,
    "unit_price": 11.45,
    "store_id": "store_2"
  },
  {
    "product_id": 9,
    "product_name": "Product 9",
    "category": "Clothing",
    "date": "2025-05-11T23:50:25.297902",
    "quantity_sold": 14,
    "revenue": 175.97,
    "unit_price": 11.45,
    "store_id": "store_2"
  },
  {
    "product_id": 9,
    "product_name": "Product 9",
    "category": "Clothing",
    "date": "2025-05-12T23:50:25.297904",
    "quantity_sold": 21,
    "revenue": 259.34,
    "unit_price": 11.45,
    "store_id": "store_5"
  },
  {
    "product_id": 9,
    "product_name": "Product 9",
    "category": "Clothing",
    "date": "2025-05-13T23:50:25.297906",
    "quantity_sold": 22,
    "revenue": 232.47,
    "unit_price": 11.45,
    "store_id": "store_3"
  },
  {
    "product_id": 9,
    "product_name": "Product 9",
    "category": "Clothing",
    "date": "2025-05-14T23:50:25.297907",
    "quantity_sold": 24,
    "revenue": 258.71,
    "unit_price": 11.45,
    "store_id": "store_3"
  },
  {
    "product_id": 9,
    "product_name": "Product 9",
    "category": "Clothing",
    "date": "2025-05-15T23:50:25.297909",
    "quantity_sold": 25,
    "revenue": 297.43,
    "unit_price": 11.45,
    "store_id": "store_1"
  },
  {
    "product_id": 9,
    "product_name": "Product 9",
    "category": "Clothing",
    "date": "2025-05-16T23:50:25.297911",
    "quantity_sold": 38,
    "revenue": 428.01,
    "unit_price": 11.45,
    "store_id": "store_5"
  },
  {
    "product_id": 9,
    "product_name": "Product 9",
    "category": "Clothing",
    "date": "2025-05-17T23:50:25.297913",
    "quantity_sold": 22,
    "revenue": 266.94,
    "unit_price": 11.45,
    "store_id": "store_2"
  },
  {
    "product_id": 9,
    "product_name": "Product 9",
    "category": "Clothing",
    "date": "2025-05-18T23:50:25.297914",
    "quantity_sold": 18,
    "revenue": 186.55,
    "unit_price": 11.45,
    "store_id": "store_3"
  },
  {
    "product_id": 9,
    "product_name": "Product 9",
    "category": "Clothing",
    "date": "2025-05-19T23:50:25.297916",
    "quantity_sold": 30,
    "revenue": 327.83,
    "unit_price": 11.45,
    "store_id": "store_2"
  },
  {
    "product_id": 9,
    "product_name": "Product 9",
    "category": "Clothing",
    "date": "2025-05-20T23:50:25.297918",
    "quantity_sold": 28,
    "revenue": 310.12,
    "unit_price": 11.45,
    "store_id": "store_1"
  },
  {
    "product_id": 9,
    "product_name": "Product 9",
    "category": "Clothing",
    "date": "2025-05-21T23:50:25.297920",
    "quantity_sold": 31,
    "revenue": 348.64,
    "unit_price": 11.45,
    "store_id": "store_5"
  },
  {
    "product_id": 9,
    "product_name": "Product 9",
    "category": "Clothing",
    "date": "2025-05-22T23:50:25.297921",
    "quantity_sold": 29,
    "revenue": 299.77,
    "unit_price": 11.45,
    "store_id": "store_3"
  },
  {
    "product_id": 9,
    "product_name": "Product 9",
    "category": "Clothing",
    "date": "2025-05-23T23:50:25.297923",
    "quantity_sold": 20,
    "revenue": 236.66,
    "unit_price": 11.45,
    "store_id": "store_2"
  },
  {
    "product_id": 9,
    "product_name": "Product 9",
    "category": "Clothing",
    "date": "2025-05-24T23:50:25.297925",
    "quantity_sold": 19,
    "revenue": 199.04,
    "unit_price": 11.45,
    "store_id": "store_3"
  },
  {
    "product_id": 9,
    "product_name": "Product 9",
    "category": "Clothing",
    "date": "2025-05-25T23:50:25.297927",
    "quantity_sold": 23,
    "revenue": 250.97,
    "unit_price": 11.45,
    "store_id": "store_3"
  },
  {
    "product_id": 9,
    "product_name": "Product 9",
    "category": "Clothing",
    "date": "2025-05-26T23:50:25.297928",
    "quantity_sold": 32,
    "revenue": 384.86,
    "unit_price": 11.45,
    "store_id": "store_5"
  },
  {
    "product_id": 9,
    "product_name": "Product 9",
    "category": "Clothing",
    "date": "2025-05-27T23:50:25.297930",
    "quantity_sold": 30,
    "revenue": 350.64,
    "unit_price": 11.45,
    "store_id": "store_1"
  },
  {
    "product_id": 9,
    "product_name": "Product 9",
    "category": "Clothing",
    "date": "2025-05-28T23:50:25.297932",
    "quantity_sold": 26,
    "revenue": 313.61,
    "unit_price": 11.45,
    "store_id": "store_4"
  },
  {
    "product_id": 9,
    "product_name": "Product 9",
    "category": "Clothing",
    "date": "2025-05-29T23:50:25.297934",
    "quantity_sold": 25,
    "revenue": 299.65,
    "unit_price": 11.45,
    "store_id": "store_1"
  },
  {
    "product_id": 9,
    "product_name": "Product 9",
    "category": "Clothing",
    "date": "2025-05-30T23:50:25.297935",
    "quantity_sold": 29,
    "revenue": 314.88,
    "unit_price": 11.45,
    "store_id": "store_3"
  },
  {
    "product_id": 9,
    "product_name": "Product 9",
    "category": "Clothing",
    "date": "2025-05-31T23:50:25.297937",
    "quantity_sold": 22,
    "revenue": 254.47,
    "unit_price": 11.45,
    "store_id": "store_3"
  },
  {
    "product_id": 9,
    "product_name": "Product 9",
    "category": "Clothing",
    "date": "2025-06-01T23:50:25.297939",
    "quantity_sold": 13,
    "revenue": 149.19,
    "unit_price": 11.45,
    "store_id": "store_2"
  },
  {
    "product_id": 9,
    "product_name": "Product 9",
    "category": "Clothing",
    "date": "2025-06-02T23:50:25.297941",
    "quantity_sold": 26,
    "revenue": 313.62,
    "unit_price": 11.45,
    "store_id": "store_3"
  },
  {
    "product_id": 9,
    "product_name": "Product 9",
    "category": "Clothing",
    "date": "2025-06-03T23:50:25.297943",
    "quantity_sold": 40,
    "revenue": 502.97,
    "unit_price": 11.45,
    "store_id": "store_2"
  },
  {
    "product_id": 9,
    "product_name": "Product 9",
    "category": "Clothing",
    "date": "2025-06-04T23:50:25.297945",
    "quantity_sold": 26,
    "revenue": 271.32,
    "unit_price": 11.45,
    "store_id": "store_5"
  },
  {
    "product_id": 9,
    "product_name": "Product 9",
    "category": "Clothing",
    "date": "2025-06-05T23:50:25.297947",
    "quantity_sold": 32,
    "revenue": 401.57,
    "unit_price": 11.45,
    "store_id": "store_3"
  },
  {
    "product_id": 9,
    "product_name": "Product 9",
    "category": "Clothing",
    "date": "2025-06-06T23:50:25.297948",
    "quantity_sold": 38,
    "revenue": 398.02,
    "unit_price": 11.45,
    "store_id": "store_3"
  },
  {
    "product_id": 9,
    "product_name": "Product 9",
    "category": "Clothing",
    "date": "2025-06-07T23:50:25.297950",
    "quantity_sold": 24,
    "revenue": 284.47,
    "unit_price": 11.45,
    "store_id": "store_3"
  },
  {
    "product_id": 9,
    "product_name": "Product 9",
    "category": "Clothing",
    "date": "2025-06-08T23:50:25.297952",
    "quantity_sold": 13,
    "revenue": 135.37,
    "unit_price": 11.45,
    "store_id": "store_5"
  },
  {
    "product_id": 9,
    "product_name": "Product 9",
    "category": "Clothing",
    "date": "2025-06-09T23:50:25.297954",
    "quantity_sold": 31,
    "revenue": 334.51,
    "unit_price": 11.45,
    "store_id": "store_2"
  },
  {
    "product_id": 9,
    "product_name": "Product 9",
    "category": "Clothing",
    "date": "2025-06-10T23:50:25.297955",
    "quantity_sold": 29,
    "revenue": 358.25,
    "unit_price": 11.45,
    "store_id": "store_2"
  },
  {
    "product_id": 9,
    "product_name": "Product 9",
    "category": "Clothing",
    "date": "2025-06-11T23:50:25.297957",
    "quantity_sold": 35,
    "revenue": 421.78,
    "unit_price": 11.45,
    "store_id": "store_5"
  },
  {
    "product_id": 9,
    "product_name": "Product 9",
    "category": "Clothing",
    "date": "2025-06-12T23:50:25.297959",
    "quantity_sold": 25,
    "revenue": 272.44,
    "unit_price": 11.45,
    "store_id": "store_4"
  },
  {
    "product_id": 9,
    "product_name": "Product 9",
    "category": "Clothing",
    "date": "2025-06-13T23:50:25.297960",
    "quantity_sold": 26,
    "revenue": 279.42,
    "unit_price": 11.45,
    "store_id": "store_3"
  },
  {
    "product_id": 9,
    "product_name": "Product 9",
    "category": "Clothing",
    "date": "2025-06-14T23:50:25.297962",
    "quantity_sold": 16,
    "revenue": 199.16,
    "unit_price": 11.45,
    "store_id": "store_4"
  },
  {
    "product_id": 9,
    "product_name": "Product 9",
    "category": "Clothing",
    "date": "2025-06-15T23:50:25.297964",
    "quantity_sold": 20,
    "revenue": 222.49,
    "unit_price": 11.45,
    "store_id": "store_4"
  },
  {
    "product_id": 9,
    "product_name": "Product 9",
    "category": "Clothing",
    "date": "2025-06-16T23:50:25.297966",
    "quantity_sold": 24,
    "revenue": 261.17,
    "unit_price": 11.45,
    "store_id": "store_1"
  },
  {
    "product_id": 9,
    "product_name": "Product 9",
    "category": "Clothing",
    "date": "2025-06-17T23:50:25.297967",
    "quantity_sold": 31,
    "revenue": 347.94,
    "unit_price": 11.45,
    "store_id": "store_5"
  },
  {
    "product_id": 9,
    "product_name": "Product 9",
    "category": "Clothing",
    "date": "2025-06-18T23:50:25.297969",
    "quantity_sold": 34,
    "revenue": 377.01,
    "unit_price": 11.45,
    "store_id": "store_3"
  },
  {
    "product_id": 9,
    "product_name": "Product 9",
    "category": "Clothing",
    "date": "2025-06-19T23:50:25.297971",
    "quantity_sold": 31,
    "revenue": 340.58,
    "unit_price": 11.45,
    "store_id": "store_3"
  },
  {
    "product_id": 9,
    "product_name": "Product 9",
    "category": "Clothing",
    "date": "2025-06-20T23:50:25.297972",
    "quantity_sold": 39,
    "revenue": 440.93,
    "unit_price": 11.45,
    "store_id": "store_4"
  },
  {
    "product_id": 9,
    "product_name": "Product 9",
    "category": "Clothing",
    "date": "2025-06-21T23:50:25.297974",
    "quantity_sold": 20,
    "revenue": 239.74,
    "unit_price": 11.45,
    "store_id": "store_4"
  },
  {
    "product_id": 9,
    "product_name": "Product 9",
    "category": "Clothing",
    "date": "2025-06-22T23:50:25.297976",
    "quantity_sold": 17,
    "revenue": 206.1,
    "unit_price": 11.45,
    "store_id": "store_5"
  },
  {
    "product_id": 9,
    "product_name": "Product 9",
    "category": "Clothing",
    "date": "2025-06-23T23:50:25.297978",
    "quantity_sold": 23,
    "revenue": 246.67,
    "unit_price": 11.45,
    "store_id": "store_5"
  },
  {
    "product_id": 9,
    "product_name": "Product 9",
    "category": "Clothing",
    "date": "2025-06-24T23:50:25.297980",
    "quantity_sold": 38,
    "revenue": 441.53,
    "unit_price": 11.45,
    "store_id": "store_4"
  },
  {
    "product_id": 9,
    "product_name": "Product 9",
    "category": "Clothing",
    "date": "2025-06-25T23:50:25.297982",
    "quantity_sold": 32,
    "revenue": 355.03,
    "unit_price": 11.45,
    "store_id": "store_2"
  },
  {
    "product_id": 9,
    "product_name": "Product 9",
    "category": "Clothing",
    "date": "2025-06-26T23:50:25.297984",
    "quantity_sold": 29,
    "revenue": 310.9,
    "unit_price": 11.45,
    "store_id": "store_4"
  },
  {
    "product_id": 9,
    "product_name": "Product 9",
    "category": "Clothing",
    "date": "2025-06-27T23:50:25.297985",
    "quantity_sold": 24,
    "revenue": 247.73,
    "unit_price": 11.45,
    "store_id": "store_5"
  },
  {
    "product_id": 9,
    "product_name": "Product 9",
    "category": "Clothing",
    "date": "2025-06-28T23:50:25.297987",
    "quantity_sold": 17,
    "revenue": 213.2,
    "unit_price": 11.45,
    "store_id": "store_4"
  },
  {
    "product_id": 9,
    "product_name": "Product 9",
    "category": "Clothing",
    "date": "2025-06-29T23:50:25.297989",
    "quantity_sold": 13,
    "revenue": 158.33,
    "unit_price": 11.45,
    "store_id": "store_2"
  },
  {
    "product_id": 9,
    "product_name": "Product 9",
    "category": "Clothing",
    "date": "2025-06-30T23:50:25.297991",
    "quantity_sold": 21,
    "revenue": 249.05,
    "unit_price": 11.45,
    "store_id": "store_3"
  },
  {
    "product_id": 9,
    "product_name": "Product 9",
    "category": "Clothing",
    "date": "2025-07-01T23:50:25.297992",
    "quantity_sold": 36,
    "revenue": 450.42,
    "unit_price": 11.45,
    "store_id": "store_4"
  },
  {
    "product_id": 9,
    "product_name": "Product 9",
    "category": "Clothing",
    "date": "2025-07-02T23:50:25.297994",
    "quantity_sold": 27,
    "revenue": 326.95,
    "unit_price": 11.45,
    "store_id": "store_5"
  },
  {
    "product_id": 9,
    "product_name": "Product 9",
    "category": "Clothing",
    "date": "2025-07-03T23:50:25.297996",
    "quantity_sold": 33,
    "revenue": 355.3,
    "unit_price": 11.45,
    "store_id": "store_5"
  },
  {
    "product_id": 9,
    "product_name": "Product 9",
    "category": "Clothing",
    "date": "2025-07-04T23:50:25.297997",
    "quantity_sold": 23,
    "revenue": 246.18,
    "unit_price": 11.45,
    "store_id": "store_1"
  },
  {
    "product_id": 9,
    "product_name": "Product 9",
    "category": "Clothing",
    "date": "2025-07-05T23:50:25.297999",
    "quantity_sold": 15,
    "revenue": 156.63,
    "unit_price": 11.45,
    "store_id": "store_2"
  },
  {
    "product_id": 9,
    "product_name": "Product 9",
    "category": "Clothing",
    "date": "2025-07-06T23:50:25.298001",
    "quantity_sold": 23,
    "revenue": 242.68,
    "unit_price": 11.45,
    "store_id": "store_3"
  },
  {
    "product_id": 9,
    "product_name": "Product 9",
    "category": "Clothing",
    "date": "2025-07-07T23:50:25.298003",
    "quantity_sold": 22,
    "revenue": 239.43,
    "unit_price": 11.45,
    "store_id": "store_1"
  },
  {
    "product_id": 9,
    "product_name": "Product 9",
    "category": "Clothing",
    "date": "2025-07-08T23:50:25.298004",
    "quantity_sold": 22,
    "revenue": 240.7,
    "unit_price": 11.45,
    "store_id": "store_2"
  },
  {
    "product_id": 9,
    "product_name": "Product 9",
    "category": "Clothing",
    "date": "2025-07-09T23:50:25.298006",
    "quantity_sold": 23,
    "revenue": 283.91,
    "unit_price": 11.45,
    "store_id": "store_2"
  },
  {
    "product_id": 9,
    "product_name": "Product 9",
    "category": "Clothing",
    "date": "2025-07-10T23:50:25.298008",
    "quantity_sold": 22,
    "revenue": 273.64,
    "unit_price": 11.45,
    "store_id": "store_4"
  },
  {
    "product_id": 9,
    "product_name": "Product 9",
    "category": "Clothing",
    "date": "2025-07-11T23:50:25.298009",
    "quantity_sold": 27,
    "revenue": 281.41,
    "unit_price": 11.45,
    "store_id": "store_1"
  },
  {
    "product_id": 9,
    "product_name": "Product 9",
    "category": "Clothing",
    "date": "2025-07-12T23:50:25.298011",
    "quantity_sold": 22,
    "revenue": 273.98,
    "unit_price": 11.45,
    "store_id": "store_5"
  },
  {
    "product_id": 10,
    "product_name": "Product 10",
    "category": "Home & Garden",
    "date": "2025-04-14T23:50:25.298013",
    "quantity_sold": 44,
    "revenue": 3466.9,
    "unit_price": 71.79,
    "store_id": "store_5"
  },
  {
    "product_id": 10,
    "product_name": "Product 10",
    "category": "Home & Garden",
    "date": "2025-04-15T23:50:25.298015",
    "quantity_sold": 33,
    "revenue": 2411.11,
    "unit_price": 71.79,
    "store_id": "store_2"
  },
  {
    "product_id": 10,
    "product_name": "Product 10",
    "category": "Home & Garden",
    "date": "2025-04-16T23:50:25.298017",
    "quantity_sold": 88,
    "revenue": 5702.73,
    "unit_price": 71.79,
    "store_id": "store_2"
  },
  {
    "product_id": 10,
    "product_name": "Product 10",
    "category": "Home & Garden",
    "date": "2025-04-17T23:50:25.298019",
    "quantity_sold": 45,
    "revenue": 3415.77,
    "unit_price": 71.79,
    "store_id": "store_2"
  },
  {
    "product_id": 10,
    "product_name": "Product 10",
    "category": "Home & Garden",
    "date": "2025-04-18T23:50:25.298021",
    "quantity_sold": 46,
    "revenue": 3376.72,
    "unit_price": 71.79,
    "store_id": "store_2"
  },
  {
    "product_id": 10,
    "product_name": "Product 10",
    "category": "Home & Garden",
    "date": "2025-04-19T23:50:25.298022",
    "quantity_sold": 21,
    "revenue": 1470.83,
    "unit_price": 71.79,
    "store_id": "store_3"
  },
  {
    "product_id": 10,
    "product_name": "Product 10",
    "category": "Home & Garden",
    "date": "2025-04-20T23:50:25.298024",
    "quantity_sold": 25,
    "revenue": 1643.45,
    "unit_price": 71.79,
    "store_id": "store_5"
  },
  {
    "product_id": 10,
    "product_name": "Product 10",
    "category": "Home & Garden",
    "date": "2025-04-21T23:50:25.298026",
    "quantity_sold": 39,
    "revenue": 2534.69,
    "unit_price": 71.79,
    "store_id": "store_1"
  },
  {
    "product_id": 10,
    "product_name": "Product 10",
    "category": "Home & Garden",
    "date": "2025-04-22T23:50:25.298028",
    "quantity_sold": 23,
    "revenue": 1766.89,
    "unit_price": 71.79,
    "store_id": "store_5"
  },
  {
    "product_id": 10,
    "product_name": "Product 10",
    "category": "Home & Garden",
    "date": "2025-04-23T23:50:25.298030",
    "quantity_sold": 35,
    "revenue": 2532.57,
    "unit_price": 71.79,
    "store_id": "store_3"
  },
  {
    "product_id": 10,
    "product_name": "Product 10",
    "category": "Home & Garden",
    "date": "2025-04-24T23:50:25.298031",
    "quantity_sold": 36,
    "revenue": 2614.32,
    "unit_price": 71.79,
    "store_id": "store_3"
  },
  {
    "product_id": 10,
    "product_name": "Product 10",
    "category": "Home & Garden",
    "date": "2025-04-25T23:50:25.298033",
    "quantity_sold": 31,
    "revenue": 2158.03,
    "unit_price": 71.79,
    "store_id": "store_2"
  },
  {
    "product_id": 10,
    "product_name": "Product 10",
    "category": "Home & Garden",
    "date": "2025-04-26T23:50:25.298035",
    "quantity_sold": 27,
    "revenue": 1796.98,
    "unit_price": 71.79,
    "store_id": "store_5"
  },
  {
    "product_id": 10,
    "product_name": "Product 10",
    "category": "Home & Garden",
    "date": "2025-04-27T23:50:25.298037",
    "quantity_sold": 23,
    "revenue": 1811.54,
    "unit_price": 71.79,
    "store_id": "store_2"
  },
  {
    "product_id": 10,
    "product_name": "Product 10",
    "category": "Home & Garden",
    "date": "2025-04-28T23:50:25.298039",
    "quantity_sold": 46,
    "revenue": 3620.91,
    "unit_price": 71.79,
    "store_id": "store_5"
  },
  {
    "product_id": 10,
    "product_name": "Product 10",
    "category": "Home & Garden",
    "date": "2025-04-29T23:50:25.298041",
    "quantity_sold": 25,
    "revenue": 1693.24,
    "unit_price": 71.79,
    "store_id": "store_2"
  },
  {
    "product_id": 10,
    "product_name": "Product 10",
    "category": "Home & Garden",
    "date": "2025-04-30T23:50:25.298043",
    "quantity_sold": 32,
    "revenue": 2214.46,
    "unit_price": 71.79,
    "store_id": "store_2"
  },
  {
    "product_id": 10,
    "product_name": "Product 10",
    "category": "Home & Garden",
    "date": "2025-05-01T23:50:25.298045",
    "quantity_sold": 44,
    "revenue": 3073.11,
    "unit_price": 71.79,
    "store_id": "store_3"
  },
  {
    "product_id": 10,
    "product_name": "Product 10",
    "category": "Home & Garden",
    "date": "2025-05-02T23:50:25.298048",
    "quantity_sold": 34,
    "revenue": 2519.49,
    "unit_price": 71.79,
    "store_id": "store_3"
  },
  {
    "product_id": 10,
    "product_name": "Product 10",
    "category": "Home & Garden",
    "date": "2025-05-03T23:50:25.298050",
    "quantity_sold": 22,
    "revenue": 1462.39,
    "unit_price": 71.79,
    "store_id": "store_1"
  },
  {
    "product_id": 10,
    "product_name": "Product 10",
    "category": "Home & Garden",
    "date": "2025-05-04T23:50:25.298052",
    "quantity_sold": 20,
    "revenue": 1472.54,
    "unit_price": 71.79,
    "store_id": "store_5"
  },
  {
    "product_id": 10,
    "product_name": "Product 10",
    "category": "Home & Garden",
    "date": "2025-05-05T23:50:25.298054",
    "quantity_sold": 36,
    "revenue": 2640.94,
    "unit_price": 71.79,
    "store_id": "store_3"
  },
  {
    "product_id": 10,
    "product_name": "Product 10",
    "category": "Home & Garden",
    "date": "2025-05-06T23:50:25.298056",
    "quantity_sold": 43,
    "revenue": 2850.24,
    "unit_price": 71.79,
    "store_id": "store_2"
  },
  {
    "product_id": 10,
    "product_name": "Product 10",
    "category": "Home & Garden",
    "date": "2025-05-07T23:50:25.298058",
    "quantity_sold": 36,
    "revenue": 2487.07,
    "unit_price": 71.79,
    "store_id": "store_2"
  },
  {
    "product_id": 10,
    "product_name": "Product 10",
    "category": "Home & Garden",
    "date": "2025-05-08T23:50:25.298061",
    "quantity_sold": 40,
    "revenue": 2722.2,
    "unit_price": 71.79,
    "store_id": "store_3"
  },
  {
    "product_id": 10,
    "product_name": "Product 10",
    "category": "Home & Garden",
    "date": "2025-05-09T23:50:25.298063",
    "quantity_sold": 35,
    "revenue": 2540.64,
    "unit_price": 71.79,
    "store_id": "store_1"
  },
  {
    "product_id": 10,
    "product_name": "Product 10",
    "category": "Home & Garden",
    "date": "2025-05-10T23:50:25.298065",
    "quantity_sold": 14,
    "revenue": 908.24,
    "unit_price": 71.79,
    "store_id": "store_4"
  },
  {
    "product_id": 10,
    "product_name": "Product 10",
    "category": "Home & Garden",
    "date": "2025-05-11T23:50:25.298067",
    "quantity_sold": 19,
    "revenue": 1460.8,
    "unit_price": 71.79,
    "store_id": "store_3"
  },
  {
    "product_id": 10,
    "product_name": "Product 10",
    "category": "Home & Garden",
    "date": "2025-05-12T23:50:25.298069",
    "quantity_sold": 26,
    "revenue": 1685.26,
    "unit_price": 71.79,
    "store_id": "store_1"
  },
  {
    "product_id": 10,
    "product_name": "Product 10",
    "category": "Home & Garden",
    "date": "2025-05-13T23:50:25.298071",
    "quantity_sold": 30,
    "revenue": 2113.56,
    "unit_price": 71.79,
    "store_id": "store_2"
  },
  {
    "product_id": 10,
    "product_name": "Product 10",
    "category": "Home & Garden",
    "date": "2025-05-14T23:50:25.298072",
    "quantity_sold": 45,
    "revenue": 3199.89,
    "unit_price": 71.79,
    "store_id": "store_3"
  },
  {
    "product_id": 10,
    "product_name": "Product 10",
    "category": "Home & Garden",
    "date": "2025-05-15T23:50:25.298074",
    "quantity_sold": 41,
    "revenue": 2738.45,
    "unit_price": 71.79,
    "store_id": "store_3"
  },
  {
    "product_id": 10,
    "product_name": "Product 10",
    "category": "Home & Garden",
    "date": "2025-05-16T23:50:25.298076",
    "quantity_sold": 35,
    "revenue": 2335.54,
    "unit_price": 71.79,
    "store_id": "store_3"
  },
  {
    "product_id": 10,
    "product_name": "Product 10",
    "category": "Home & Garden",
    "date": "2025-05-17T23:50:25.298078",
    "quantity_sold": 18,
    "revenue": 1219.11,
    "unit_price": 71.79,
    "store_id": "store_3"
  },
  {
    "product_id": 10,
    "product_name": "Product 10",
    "category": "Home & Garden",
    "date": "2025-05-18T23:50:25.298080",
    "quantity_sold": 20,
    "revenue": 1577.99,
    "unit_price": 71.79,
    "store_id": "store_2"
  },
  {
    "product_id": 10,
    "product_name": "Product 10",
    "category": "Home & Garden",
    "date": "2025-05-19T23:50:25.298082",
    "quantity_sold": 26,
    "revenue": 1836.94,
    "unit_price": 71.79,
    "store_id": "store_1"
  },
  {
    "product_id": 10,
    "product_name": "Product 10",
    "category": "Home & Garden",
    "date": "2025-05-20T23:50:25.298085",
    "quantity_sold": 24,
    "revenue": 1654.36,
    "unit_price": 71.79,
    "store_id": "store_5"
  },
  {
    "product_id": 10,
    "product_name": "Product 10",
    "category": "Home & Garden",
    "date": "2025-05-21T23:50:25.298086",
    "quantity_sold": 29,
    "revenue": 2009.23,
    "unit_price": 71.79,
    "store_id": "store_5"
  },
  {
    "product_id": 10,
    "product_name": "Product 10",
    "category": "Home & Garden",
    "date": "2025-05-22T23:50:25.298088",
    "quantity_sold": 33,
    "revenue": 2283.77,
    "unit_price": 71.79,
    "store_id": "store_4"
  },
  {
    "product_id": 10,
    "product_name": "Product 10",
    "category": "Home & Garden",
    "date": "2025-05-23T23:50:25.298090",
    "quantity_sold": 26,
    "revenue": 1763.1,
    "unit_price": 71.79,
    "store_id": "store_1"
  },
  {
    "product_id": 10,
    "product_name": "Product 10",
    "category": "Home & Garden",
    "date": "2025-05-24T23:50:25.298092",
    "quantity_sold": 24,
    "revenue": 1734.19,
    "unit_price": 71.79,
    "store_id": "store_2"
  },
  {
    "product_id": 10,
    "product_name": "Product 10",
    "category": "Home & Garden",
    "date": "2025-05-25T23:50:25.298094",
    "quantity_sold": 22,
    "revenue": 1665.98,
    "unit_price": 71.79,
    "store_id": "store_3"
  },
  {
    "product_id": 10,
    "product_name": "Product 10",
    "category": "Home & Garden",
    "date": "2025-05-26T23:50:25.298096",
    "quantity_sold": 43,
    "revenue": 3029.55,
    "unit_price": 71.79,
    "store_id": "store_5"
  },
  {
    "product_id": 10,
    "product_name": "Product 10",
    "category": "Home & Garden",
    "date": "2025-05-27T23:50:25.298098",
    "quantity_sold": 27,
    "revenue": 2087.62,
    "unit_price": 71.79,
    "store_id": "store_4"
  },
  {
    "product_id": 10,
    "product_name": "Product 10",
    "category": "Home & Garden",
    "date": "2025-05-28T23:50:25.298100",
    "quantity_sold": 25,
    "revenue": 1631.73,
    "unit_price": 71.79,
    "store_id": "store_2"
  },
  {
    "product_id": 10,
    "product_name": "Product 10",
    "category": "Home & Garden",
    "date": "2025-05-29T23:50:25.298102",
    "quantity_sold": 36,
    "revenue": 2638.77,
    "unit_price": 71.79,
    "store_id": "store_3"
  },
  {
    "product_id": 10,
    "product_name": "Product 10",
    "category": "Home & Garden",
    "date": "2025-05-30T23:50:25.298104",
    "quantity_sold": 41,
    "revenue": 2880.73,
    "unit_price": 71.79,
    "store_id": "store_3"
  },
  {
    "product_id": 10,
    "product_name": "Product 10",
    "category": "Home & Garden",
    "date": "2025-05-31T23:50:25.298106",
    "quantity_sold": 26,
    "revenue": 1685.6,
    "unit_price": 71.79,
    "store_id": "store_3"
  },
  {
    "product_id": 10,
    "product_name": "Product 10",
    "category": "Home & Garden",
    "date": "2025-06-01T23:50:25.298108",
    "quantity_sold": 22,
    "revenue": 1661.46,
    "unit_price": 71.79,
    "store_id": "store_4"
  },
  {
    "product_id": 10,
    "product_name": "Product 10",
    "category": "Home & Garden",
    "date": "2025-06-02T23:50:25.298109",
    "quantity_sold": 43,
    "revenue": 3259.57,
    "unit_price": 71.79,
    "store_id": "store_2"
  },
  {
    "product_id": 10,
    "product_name": "Product 10",
    "category": "Home & Garden",
    "date": "2025-06-03T23:50:25.298111",
    "quantity_sold": 36,
    "revenue": 2422.17,
    "unit_price": 71.79,
    "store_id": "store_1"
  },
  {
    "product_id": 10,
    "product_name": "Product 10",
    "category": "Home & Garden",
    "date": "2025-06-04T23:50:25.298113",
    "quantity_sold": 45,
    "revenue": 3518.89,
    "unit_price": 71.79,
    "store_id": "store_2"
  },
  {
    "product_id": 10,
    "product_name": "Product 10",
    "category": "Home & Garden",
    "date": "2025-06-05T23:50:25.298115",
    "quantity_sold": 32,
    "revenue": 2104.42,
    "unit_price": 71.79,
    "store_id": "store_5"
  },
  {
    "product_id": 10,
    "product_name": "Product 10",
    "category": "Home & Garden",
    "date": "2025-06-06T23:50:25.298117",
    "quantity_sold": 44,
    "revenue": 2922.12,
    "unit_price": 71.79,
    "store_id": "store_2"
  },
  {
    "product_id": 10,
    "product_name": "Product 10",
    "category": "Home & Garden",
    "date": "2025-06-07T23:50:25.298119",
    "quantity_sold": 20,
    "revenue": 1459.94,
    "unit_price": 71.79,
    "store_id": "store_1"
  },
  {
    "product_id": 10,
    "product_name": "Product 10",
    "category": "Home & Garden",
    "date": "2025-06-08T23:50:25.298121",
    "quantity_sold": 41,
    "revenue": 2692.95,
    "unit_price": 71.79,
    "store_id": "store_5"
  },
  {
    "product_id": 10,
    "product_name": "Product 10",
    "category": "Home & Garden",
    "date": "2025-06-09T23:50:25.298123",
    "quantity_sold": 30,
    "revenue": 2284.39,
    "unit_price": 71.79,
    "store_id": "store_3"
  },
  {
    "product_id": 10,
    "product_name": "Product 10",
    "category": "Home & Garden",
    "date": "2025-06-10T23:50:25.298125",
    "quantity_sold": 33,
    "revenue": 2562.62,
    "unit_price": 71.79,
    "store_id": "store_3"
  },
  {
    "product_id": 10,
    "product_name": "Product 10",
    "category": "Home & Garden",
    "date": "2025-06-11T23:50:25.298127",
    "quantity_sold": 33,
    "revenue": 2480.21,
    "unit_price": 71.79,
    "store_id": "store_3"
  },
  {
    "product_id": 10,
    "product_name": "Product 10",
    "category": "Home & Garden",
    "date": "2025-06-12T23:50:25.298129",
    "quantity_sold": 47,
    "revenue": 3393.1,
    "unit_price": 71.79,
    "store_id": "store_1"
  },
  {
    "product_id": 10,
    "product_name": "Product 10",
    "category": "Home & Garden",
    "date": "2025-06-13T23:50:25.298131",
    "quantity_sold": 43,
    "revenue": 3280.55,
    "unit_price": 71.79,
    "store_id": "store_1"
  },
  {
    "product_id": 10,
    "product_name": "Product 10",
    "category": "Home & Garden",
    "date": "2025-06-14T23:50:25.298133",
    "quantity_sold": 19,
    "revenue": 1357.41,
    "unit_price": 71.79,
    "store_id": "store_2"
  },
  {
    "product_id": 10,
    "product_name": "Product 10",
    "category": "Home & Garden",
    "date": "2025-06-15T23:50:25.298134",
    "quantity_sold": 27,
    "revenue": 1845.28,
    "unit_price": 71.79,
    "store_id": "store_1"
  },
  {
    "product_id": 10,
    "product_name": "Product 10",
    "category": "Home & Garden",
    "date": "2025-06-16T23:50:25.298136",
    "quantity_sold": 33,
    "revenue": 2353.84,
    "unit_price": 71.79,
    "store_id": "store_2"
  },
  {
    "product_id": 10,
    "product_name": "Product 10",
    "category": "Home & Garden",
    "date": "2025-06-17T23:50:25.298138",
    "quantity_sold": 27,
    "revenue": 1859.2,
    "unit_price": 71.79,
    "store_id": "store_4"
  },
  {
    "product_id": 10,
    "product_name": "Product 10",
    "category": "Home & Garden",
    "date": "2025-06-18T23:50:25.298140",
    "quantity_sold": 42,
    "revenue": 3274.31,
    "unit_price": 71.79,
    "store_id": "store_3"
  },
  {
    "product_id": 10,
    "product_name": "Product 10",
    "category": "Home & Garden",
    "date": "2025-06-19T23:50:25.298142",
    "quantity_sold": 31,
    "revenue": 2327.07,
    "unit_price": 71.79,
    "store_id": "store_2"
  },
  {
    "product_id": 10,
    "product_name": "Product 10",
    "category": "Home & Garden",
    "date": "2025-06-20T23:50:25.298144",
    "quantity_sold": 45,
    "revenue": 3341.65,
    "unit_price": 71.79,
    "store_id": "store_2"
  },
  {
    "product_id": 10,
    "product_name": "Product 10",
    "category": "Home & Garden",
    "date": "2025-06-21T23:50:25.298146",
    "quantity_sold": 23,
    "revenue": 1773.84,
    "unit_price": 71.79,
    "store_id": "store_4"
  },
  {
    "product_id": 10,
    "product_name": "Product 10",
    "category": "Home & Garden",
    "date": "2025-06-22T23:50:25.298148",
    "quantity_sold": 17,
    "revenue": 1118.35,
    "unit_price": 71.79,
    "store_id": "store_5"
  },
  {
    "product_id": 10,
    "product_name": "Product 10",
    "category": "Home & Garden",
    "date": "2025-06-23T23:50:25.298149",
    "quantity_sold": 24,
    "revenue": 1764.32,
    "unit_price": 71.79,
    "store_id": "store_2"
  },
  {
    "product_id": 10,
    "product_name": "Product 10",
    "category": "Home & Garden",
    "date": "2025-06-24T23:50:25.298151",
    "quantity_sold": 26,
    "revenue": 1874.72,
    "unit_price": 71.79,
    "store_id": "store_3"
  },
  {
    "product_id": 10,
    "product_name": "Product 10",
    "category": "Home & Garden",
    "date": "2025-06-25T23:50:25.298153",
    "quantity_sold": 29,
    "revenue": 1932.54,
    "unit_price": 71.79,
    "store_id": "store_5"
  },
  {
    "product_id": 10,
    "product_name": "Product 10",
    "category": "Home & Garden",
    "date": "2025-06-26T23:50:25.298155",
    "quantity_sold": 27,
    "revenue": 1948.0,
    "unit_price": 71.79,
    "store_id": "store_5"
  },
  {
    "product_id": 10,
    "product_name": "Product 10",
    "category": "Home & Garden",
    "date": "2025-06-27T23:50:25.298157",
    "quantity_sold": 27,
    "revenue": 2113.93,
    "unit_price": 71.79,
    "store_id": "store_1"
  },
  {
    "product_id": 10,
    "product_name": "Product 10",
    "category": "Home & Garden",
    "date": "2025-06-28T23:50:25.298159",
    "quantity_sold": 20,
    "revenue": 1534.91,
    "unit_price": 71.79,
    "store_id": "store_3"
  },
  {
    "product_id": 10,
    "product_name": "Product 10",
    "category": "Home & Garden",
    "date": "2025-06-29T23:50:25.298161",
    "quantity_sold": 15,
    "revenue": 1075.72,
    "unit_price": 71.79,
    "store_id": "store_1"
  },
  {
    "product_id": 10,
    "product_name": "Product 10",
    "category": "Home & Garden",
    "date": "2025-06-30T23:50:25.298163",
    "quantity_sold": 30,
    "revenue": 2279.5,
    "unit_price": 71.79,
    "store_id": "store_4"
  },
  {
    "product_id": 10,
    "product_name": "Product 10",
    "category": "Home & Garden",
    "date": "2025-07-01T23:50:25.298165",
    "quantity_sold": 48,
    "revenue": 3475.61,
    "unit_price": 71.79,
    "store_id": "store_1"
  },
  {
    "product_id": 10,
    "product_name": "Product 10",
    "category": "Home & Garden",
    "date": "2025-07-02T23:50:25.298167",
    "quantity_sold": 24,
    "revenue": 1678.66,
    "unit_price": 71.79,
    "store_id": "store_2"
  },
  {
    "product_id": 10,
    "product_name": "Product 10",
    "category": "Home & Garden",
    "date": "2025-07-03T23:50:25.298169",
    "quantity_sold": 25,
    "revenue": 1640.62,
    "unit_price": 71.79,
    "store_id": "store_3"
  },
  {
    "product_id": 10,
    "product_name": "Product 10",
    "category": "Home & Garden",
    "date": "2025-07-04T23:50:25.298171",
    "quantity_sold": 31,
    "revenue": 2340.14,
    "unit_price": 71.79,
    "store_id": "store_2"
  },
  {
    "product_id": 10,
    "product_name": "Product 10",
    "category": "Home & Garden",
    "date": "2025-07-05T23:50:25.298172",
    "quantity_sold": 18,
    "revenue": 1309.97,
    "unit_price": 71.79,
    "store_id": "store_3"
  },
  {
    "product_id": 10,
    "product_name": "Product 10",
    "category": "Home & Garden",
    "date": "2025-07-06T23:50:25.298174",
    "quantity_sold": 26,
    "revenue": 1879.05,
    "unit_price": 71.79,
    "store_id": "store_2"
  },
  {
    "product_id": 10,
    "product_name": "Product 10",
    "category": "Home & Garden",
    "date": "2025-07-07T23:50:25.298177",
    "quantity_sold": 48,
    "revenue": 3693.29,
    "unit_price": 71.79,
    "store_id": "store_5"
  },
  {
    "product_id": 10,
    "product_name": "Product 10",
    "category": "Home & Garden",
    "date": "2025-07-08T23:50:25.298179",
    "quantity_sold": 26,
    "revenue": 1865.72,
    "unit_price": 71.79,
    "store_id": "store_5"
  },
  {
    "product_id": 10,
    "product_name": "Product 10",
    "category": "Home & Garden",
    "date": "2025-07-09T23:50:25.298181",
    "quantity_sold": 35,
    "revenue": 2540.55,
    "unit_price": 71.79,
    "store_id": "store_3"
  },
  {
    "product_id": 10,
    "product_name": "Product 10",
    "category": "Home & Garden",
    "date": "2025-07-10T23:50:25.298183",
    "quantity_sold": 40,
    "revenue": 2733.33,
    "unit_price": 71.79,
    "store_id": "store_4"
  },
  {
    "product_id": 10,
    "product_name": "Product 10",
    "category": "Home & Garden",
    "date": "2025-07-11T23:50:25.298185",
    "quantity_sold": 26,
    "revenue": 1757.18,
    "unit_price": 71.79,
    "store_id": "store_2"
  },
  {
    "product_id": 10,
    "product_name": "Product 10",
    "category": "Home & Garden",
    "date": "2025-07-12T23:50:25.298187",
    "quantity_sold": 21,
    "revenue": 1461.39,
    "unit_price": 71.79,
    "store_id": "store_3"
  },
  {
    "product_id": 11,
    "product_name": "Product 11",
    "category": "Beverages",
    "date": "2025-04-14T23:50:25.298190",
    "quantity_sold": 40,
    "revenue": 2778.15,
    "unit_price": 64.12,
    "store_id": "store_4"
  },
  {
    "product_id": 11,
    "product_name": "Product 11",
    "category": "Beverages",
    "date": "2025-04-15T23:50:25.298192",
    "quantity_sold": 46,
    "revenue": 3213.29,
    "unit_price": 64.12,
    "store_id": "store_4"
  },
  {
    "product_id": 11,
    "product_name": "Product 11",
    "category": "Beverages",
    "date": "2025-04-16T23:50:25.298193",
    "quantity_sold": 46,
    "revenue": 3226.51,
    "unit_price": 64.12,
    "store_id": "store_2"
  },
  {
    "product_id": 11,
    "product_name": "Product 11",
    "category": "Beverages",
    "date": "2025-04-17T23:50:25.298195",
    "quantity_sold": 55,
    "revenue": 3805.22,
    "unit_price": 64.12,
    "store_id": "store_2"
  },
  {
    "product_id": 11,
    "product_name": "Product 11",
    "category": "Beverages",
    "date": "2025-04-18T23:50:25.298197",
    "quantity_sold": 42,
    "revenue": 2593.3,
    "unit_price": 64.12,
    "store_id": "store_4"
  },
  {
    "product_id": 11,
    "product_name": "Product 11",
    "category": "Beverages",
    "date": "2025-04-19T23:50:25.298199",
    "quantity_sold": 31,
    "revenue": 2039.51,
    "unit_price": 64.12,
    "store_id": "store_1"
  },
  {
    "product_id": 11,
    "product_name": "Product 11",
    "category": "Beverages",
    "date": "2025-04-20T23:50:25.298201",
    "quantity_sold": 52,
    "revenue": 3192.24,
    "unit_price": 64.12,
    "store_id": "store_1"
  },
  {
    "product_id": 11,
    "product_name": "Product 11",
    "category": "Beverages",
    "date": "2025-04-21T23:50:25.298203",
    "quantity_sold": 53,
    "revenue": 3278.7,
    "unit_price": 64.12,
    "store_id": "store_3"
  },
  {
    "product_id": 11,
    "product_name": "Product 11",
    "category": "Beverages",
    "date": "2025-04-22T23:50:25.298205",
    "quantity_sold": 62,
    "revenue": 4170.14,
    "unit_price": 64.12,
    "store_id": "store_5"
  },
  {
    "product_id": 11,
    "product_name": "Product 11",
    "category": "Beverages",
    "date": "2025-04-23T23:50:25.298207",
    "quantity_sold": 66,
    "revenue": 4379.69,
    "unit_price": 64.12,
    "store_id": "store_2"
  },
  {
    "product_id": 11,
    "product_name": "Product 11",
    "category": "Beverages",
    "date": "2025-04-24T23:50:25.298209",
    "quantity_sold": 37,
    "revenue": 2174.35,
    "unit_price": 64.12,
    "store_id": "store_1"
  },
  {
    "product_id": 11,
    "product_name": "Product 11",
    "category": "Beverages",
    "date": "2025-04-25T23:50:25.298210",
    "quantity_sold": 57,
    "revenue": 3616.31,
    "unit_price": 64.12,
    "store_id": "store_1"
  },
  {
    "product_id": 11,
    "product_name": "Product 11",
    "category": "Beverages",
    "date": "2025-04-26T23:50:25.298212",
    "quantity_sold": 57,
    "revenue": 3974.02,
    "unit_price": 64.12,
    "store_id": "store_5"
  },
  {
    "product_id": 11,
    "product_name": "Product 11",
    "category": "Beverages",
    "date": "2025-04-27T23:50:25.298214",
    "quantity_sold": 57,
    "revenue": 3375.58,
    "unit_price": 64.12,
    "store_id": "store_2"
  },
  {
    "product_id": 11,
    "product_name": "Product 11",
    "category": "Beverages",
    "date": "2025-04-28T23:50:25.298216",
    "quantity_sold": 48,
    "revenue": 2793.23,
    "unit_price": 64.12,
    "store_id": "store_4"
  },
  {
    "product_id": 11,
    "product_name": "Product 11",
    "category": "Beverages",
    "date": "2025-04-29T23:50:25.298218",
    "quantity_sold": 47,
    "revenue": 2880.68,
    "unit_price": 64.12,
    "store_id": "store_1"
  },
  {
    "product_id": 11,
    "product_name": "Product 11",
    "category": "Beverages",
    "date": "2025-04-30T23:50:25.298220",
    "quantity_sold": 39,
    "revenue": 2552.3,
    "unit_price": 64.12,
    "store_id": "store_1"
  },
  {
    "product_id": 11,
    "product_name": "Product 11",
    "category": "Beverages",
    "date": "2025-05-01T23:50:25.298222",
    "quantity_sold": 68,
    "revenue": 4318.35,
    "unit_price": 64.12,
    "store_id": "store_4"
  },
  {
    "product_id": 11,
    "product_name": "Product 11",
    "category": "Beverages",
    "date": "2025-05-02T23:50:25.298224",
    "quantity_sold": 127,
    "revenue": 8053.6,
    "unit_price": 64.12,
    "store_id": "store_3"
  },
  {
    "product_id": 11,
    "product_name": "Product 11",
    "category": "Beverages",
    "date": "2025-05-03T23:50:25.298226",
    "quantity_sold": 40,
    "revenue": 2752.84,
    "unit_price": 64.12,
    "store_id": "store_5"
  },
  {
    "product_id": 11,
    "product_name": "Product 11",
    "category": "Beverages",
    "date": "2025-05-04T23:50:25.298228",
    "quantity_sold": 51,
    "revenue": 3220.45,
    "unit_price": 64.12,
    "store_id": "store_1"
  },
  {
    "product_id": 11,
    "product_name": "Product 11",
    "category": "Beverages",
    "date": "2025-05-05T23:50:25.298230",
    "quantity_sold": 51,
    "revenue": 3193.15,
    "unit_price": 64.12,
    "store_id": "store_5"
  },
  {
    "product_id": 11,
    "product_name": "Product 11",
    "category": "Beverages",
    "date": "2025-05-06T23:50:25.298232",
    "quantity_sold": 55,
    "revenue": 3641.95,
    "unit_price": 64.12,
    "store_id": "store_3"
  },
  {
    "product_id": 11,
    "product_name": "Product 11",
    "category": "Beverages",
    "date": "2025-05-07T23:50:25.298234",
    "quantity_sold": 82,
    "revenue": 5264.73,
    "unit_price": 64.12,
    "store_id": "store_1"
  },
  {
    "product_id": 11,
    "product_name": "Product 11",
    "category": "Beverages",
    "date": "2025-05-08T23:50:25.298237",
    "quantity_sold": 64,
    "revenue": 4388.5,
    "unit_price": 64.12,
    "store_id": "store_4"
  },
  {
    "product_id": 11,
    "product_name": "Product 11",
    "category": "Beverages",
    "date": "2025-05-09T23:50:25.298239",
    "quantity_sold": 41,
    "revenue": 2720.83,
    "unit_price": 64.12,
    "store_id": "store_1"
  },
  {
    "product_id": 11,
    "product_name": "Product 11",
    "category": "Beverages",
    "date": "2025-05-10T23:50:25.298241",
    "quantity_sold": 32,
    "revenue": 2033.73,
    "unit_price": 64.12,
    "store_id": "store_4"
  },
  {
    "product_id": 11,
    "product_name": "Product 11",
    "category": "Beverages",
    "date": "2025-05-11T23:50:25.298243",
    "quantity_sold": 35,
    "revenue": 2079.45,
    "unit_price": 64.12,
    "store_id": "store_1"
  },
  {
    "product_id": 11,
    "product_name": "Product 11",
    "category": "Beverages",
    "date": "2025-05-12T23:50:25.298245",
    "quantity_sold": 64,
    "revenue": 4463.98,
    "unit_price": 64.12,
    "store_id": "store_2"
  },
  {
    "product_id": 11,
    "product_name": "Product 11",
    "category": "Beverages",
    "date": "2025-05-13T23:50:25.298247",
    "quantity_sold": 55,
    "revenue": 3653.82,
    "unit_price": 64.12,
    "store_id": "store_5"
  },
  {
    "product_id": 11,
    "product_name": "Product 11",
    "category": "Beverages",
    "date": "2025-05-14T23:50:25.298248",
    "quantity_sold": 68,
    "revenue": 4178.32,
    "unit_price": 64.12,
    "store_id": "store_5"
  },
  {
    "product_id": 11,
    "product_name": "Product 11",
    "category": "Beverages",
    "date": "2025-05-15T23:50:25.298250",
    "quantity_sold": 39,
    "revenue": 2692.26,
    "unit_price": 64.12,
    "store_id": "store_2"
  },
  {
    "product_id": 11,
    "product_name": "Product 11",
    "category": "Beverages",
    "date": "2025-05-16T23:50:25.298252",
    "quantity_sold": 87,
    "revenue": 5498.09,
    "unit_price": 64.12,
    "store_id": "store_2"
  },
  {
    "product_id": 11,
    "product_name": "Product 11",
    "category": "Beverages",
    "date": "2025-05-17T23:50:25.298254",
    "quantity_sold": 53,
    "revenue": 3703.99,
    "unit_price": 64.12,
    "store_id": "store_3"
  },
  {
    "product_id": 11,
    "product_name": "Product 11",
    "category": "Beverages",
    "date": "2025-05-18T23:50:25.298256",
    "quantity_sold": 46,
    "revenue": 2659.24,
    "unit_price": 64.12,
    "store_id": "store_4"
  },
  {
    "product_id": 11,
    "product_name": "Product 11",
    "category": "Beverages",
    "date": "2025-05-19T23:50:25.298258",
    "quantity_sold": 51,
    "revenue": 3480.4,
    "unit_price": 64.12,
    "store_id": "store_2"
  },
  {
    "product_id": 11,
    "product_name": "Product 11",
    "category": "Beverages",
    "date": "2025-05-20T23:50:25.298260",
    "quantity_sold": 55,
    "revenue": 3474.16,
    "unit_price": 64.12,
    "store_id": "store_4"
  },
  {
    "product_id": 11,
    "product_name": "Product 11",
    "category": "Beverages",
    "date": "2025-05-21T23:50:25.298262",
    "quantity_sold": 49,
    "revenue": 2897.64,
    "unit_price": 64.12,
    "store_id": "store_1"
  },
  {
    "product_id": 11,
    "product_name": "Product 11",
    "category": "Beverages",
    "date": "2025-05-22T23:50:25.298264",
    "quantity_sold": 60,
    "revenue": 3776.65,
    "unit_price": 64.12,
    "store_id": "store_2"
  },
  {
    "product_id": 11,
    "product_name": "Product 11",
    "category": "Beverages",
    "date": "2025-05-23T23:50:25.298265",
    "quantity_sold": 40,
    "revenue": 2536.09,
    "unit_price": 64.12,
    "store_id": "store_5"
  },
  {
    "product_id": 11,
    "product_name": "Product 11",
    "category": "Beverages",
    "date": "2025-05-24T23:50:25.298267",
    "quantity_sold": 47,
    "revenue": 2973.02,
    "unit_price": 64.12,
    "store_id": "store_1"
  },
  {
    "product_id": 11,
    "product_name": "Product 11",
    "category": "Beverages",
    "date": "2025-05-25T23:50:25.298269",
    "quantity_sold": 37,
    "revenue": 2158.38,
    "unit_price": 64.12,
    "store_id": "store_3"
  },
  {
    "product_id": 11,
    "product_name": "Product 11",
    "category": "Beverages",
    "date": "2025-05-26T23:50:25.298271",
    "quantity_sold": 69,
    "revenue": 4625.94,
    "unit_price": 64.12,
    "store_id": "store_2"
  },
  {
    "product_id": 11,
    "product_name": "Product 11",
    "category": "Beverages",
    "date": "2025-05-27T23:50:25.298273",
    "quantity_sold": 52,
    "revenue": 3313.06,
    "unit_price": 64.12,
    "store_id": "store_3"
  },
  {
    "product_id": 11,
    "product_name": "Product 11",
    "category": "Beverages",
    "date": "2025-05-28T23:50:25.298275",
    "quantity_sold": 51,
    "revenue": 3166.28,
    "unit_price": 64.12,
    "store_id": "store_5"
  },
  {
    "product_id": 11,
    "product_name": "Product 11",
    "category": "Beverages",
    "date": "2025-05-29T23:50:25.298277",
    "quantity_sold": 59,
    "revenue": 4113.86,
    "unit_price": 64.12,
    "store_id": "store_4"
  },
  {
    "product_id": 11,
    "product_name": "Product 11",
    "category": "Beverages",
    "date": "2025-05-30T23:50:25.298278",
    "quantity_sold": 63,
    "revenue": 4419.51,
    "unit_price": 64.12,
    "store_id": "store_1"
  },
  {
    "product_id": 11,
    "product_name": "Product 11",
    "category": "Beverages",
    "date": "2025-05-31T23:50:25.298280",
    "quantity_sold": 47,
    "revenue": 2749.45,
    "unit_price": 64.12,
    "store_id": "store_5"
  },
  {
    "product_id": 11,
    "product_name": "Product 11",
    "category": "Beverages",
    "date": "2025-06-01T23:50:25.298282",
    "quantity_sold": 49,
    "revenue": 2863.38,
    "unit_price": 64.12,
    "store_id": "store_4"
  },
  {
    "product_id": 11,
    "product_name": "Product 11",
    "category": "Beverages",
    "date": "2025-06-02T23:50:25.298284",
    "quantity_sold": 38,
    "revenue": 2295.83,
    "unit_price": 64.12,
    "store_id": "store_3"
  },
  {
    "product_id": 11,
    "product_name": "Product 11",
    "category": "Beverages",
    "date": "2025-06-03T23:50:25.298286",
    "quantity_sold": 48,
    "revenue": 2819.66,
    "unit_price": 64.12,
    "store_id": "store_1"
  },
  {
    "product_id": 11,
    "product_name": "Product 11",
    "category": "Beverages",
    "date": "2025-06-04T23:50:25.298288",
    "quantity_sold": 60,
    "revenue": 3791.16,
    "unit_price": 64.12,
    "store_id": "store_3"
  },
  {
    "product_id": 11,
    "product_name": "Product 11",
    "category": "Beverages",
    "date": "2025-06-05T23:50:25.298290",
    "quantity_sold": 48,
    "revenue": 3118.8,
    "unit_price": 64.12,
    "store_id": "store_5"
  },
  {
    "product_id": 11,
    "product_name": "Product 11",
    "category": "Beverages",
    "date": "2025-06-06T23:50:25.298292",
    "quantity_sold": 111,
    "revenue": 6597.79,
    "unit_price": 64.12,
    "store_id": "store_4"
  },
  {
    "product_id": 11,
    "product_name": "Product 11",
    "category": "Beverages",
    "date": "2025-06-07T23:50:25.298294",
    "quantity_sold": 46,
    "revenue": 2827.74,
    "unit_price": 64.12,
    "store_id": "store_4"
  },
  {
    "product_id": 11,
    "product_name": "Product 11",
    "category": "Beverages",
    "date": "2025-06-08T23:50:25.298296",
    "quantity_sold": 40,
    "revenue": 2457.91,
    "unit_price": 64.12,
    "store_id": "store_4"
  },
  {
    "product_id": 11,
    "product_name": "Product 11",
    "category": "Beverages",
    "date": "2025-06-09T23:50:25.298298",
    "quantity_sold": 105,
    "revenue": 7095.54,
    "unit_price": 64.12,
    "store_id": "store_1"
  },
  {
    "product_id": 11,
    "product_name": "Product 11",
    "category": "Beverages",
    "date": "2025-06-10T23:50:25.298300",
    "quantity_sold": 63,
    "revenue": 4001.39,
    "unit_price": 64.12,
    "store_id": "store_5"
  },
  {
    "product_id": 11,
    "product_name": "Product 11",
    "category": "Beverages",
    "date": "2025-06-11T23:50:25.298302",
    "quantity_sold": 45,
    "revenue": 2698.81,
    "unit_price": 64.12,
    "store_id": "store_4"
  },
  {
    "product_id": 11,
    "product_name": "Product 11",
    "category": "Beverages",
    "date": "2025-06-12T23:50:25.298304",
    "quantity_sold": 38,
    "revenue": 2557.06,
    "unit_price": 64.12,
    "store_id": "store_5"
  },
  {
    "product_id": 11,
    "product_name": "Product 11",
    "category": "Beverages",
    "date": "2025-06-13T23:50:25.298305",
    "quantity_sold": 56,
    "revenue": 3405.19,
    "unit_price": 64.12,
    "store_id": "store_5"
  },
  {
    "product_id": 11,
    "product_name": "Product 11",
    "category": "Beverages",
    "date": "2025-06-14T23:50:25.298307",
    "quantity_sold": 60,
    "revenue": 4092.7,
    "unit_price": 64.12,
    "store_id": "store_2"
  },
  {
    "product_id": 11,
    "product_name": "Product 11",
    "category": "Beverages",
    "date": "2025-06-15T23:50:25.298309",
    "quantity_sold": 41,
    "revenue": 2632.32,
    "unit_price": 64.12,
    "store_id": "store_3"
  },
  {
    "product_id": 11,
    "product_name": "Product 11",
    "category": "Beverages",
    "date": "2025-06-16T23:50:25.298311",
    "quantity_sold": 65,
    "revenue": 3875.09,
    "unit_price": 64.12,
    "store_id": "store_5"
  },
  {
    "product_id": 11,
    "product_name": "Product 11",
    "category": "Beverages",
    "date": "2025-06-17T23:50:25.298313",
    "quantity_sold": 57,
    "revenue": 3781.29,
    "unit_price": 64.12,
    "store_id": "store_1"
  },
  {
    "product_id": 11,
    "product_name": "Product 11",
    "category": "Beverages",
    "date": "2025-06-18T23:50:25.298315",
    "quantity_sold": 39,
    "revenue": 2343.84,
    "unit_price": 64.12,
    "store_id": "store_2"
  },
  {
    "product_id": 11,
    "product_name": "Product 11",
    "category": "Beverages",
    "date": "2025-06-19T23:50:25.298317",
    "quantity_sold": 96,
    "revenue": 5733.86,
    "unit_price": 64.12,
    "store_id": "store_2"
  },
  {
    "product_id": 11,
    "product_name": "Product 11",
    "category": "Beverages",
    "date": "2025-06-20T23:50:25.298319",
    "quantity_sold": 51,
    "revenue": 3186.68,
    "unit_price": 64.12,
    "store_id": "store_4"
  },
  {
    "product_id": 11,
    "product_name": "Product 11",
    "category": "Beverages",
    "date": "2025-06-21T23:50:25.298321",
    "quantity_sold": 48,
    "revenue": 3052.32,
    "unit_price": 64.12,
    "store_id": "store_5"
  },
  {
    "product_id": 11,
    "product_name": "Product 11",
    "category": "Beverages",
    "date": "2025-06-22T23:50:25.298322",
    "quantity_sold": 42,
    "revenue": 2530.49,
    "unit_price": 64.12,
    "store_id": "store_3"
  },
  {
    "product_id": 11,
    "product_name": "Product 11",
    "category": "Beverages",
    "date": "2025-06-23T23:50:25.298324",
    "quantity_sold": 65,
    "revenue": 4088.92,
    "unit_price": 64.12,
    "store_id": "store_3"
  },
  {
    "product_id": 11,
    "product_name": "Product 11",
    "category": "Beverages",
    "date": "2025-06-24T23:50:25.298326",
    "quantity_sold": 73,
    "revenue": 4829.69,
    "unit_price": 64.12,
    "store_id": "store_2"
  },
  {
    "product_id": 11,
    "product_name": "Product 11",
    "category": "Beverages",
    "date": "2025-06-25T23:50:25.298328",
    "quantity_sold": 65,
    "revenue": 4051.1,
    "unit_price": 64.12,
    "store_id": "store_5"
  },
  {
    "product_id": 11,
    "product_name": "Product 11",
    "category": "Beverages",
    "date": "2025-06-26T23:50:25.298330",
    "quantity_sold": 61,
    "revenue": 3821.89,
    "unit_price": 64.12,
    "store_id": "store_1"
  },
  {
    "product_id": 11,
    "product_name": "Product 11",
    "category": "Beverages",
    "date": "2025-06-27T23:50:25.298332",
    "quantity_sold": 75,
    "revenue": 4839.62,
    "unit_price": 64.12,
    "store_id": "store_5"
  },
  {
    "product_id": 11,
    "product_name": "Product 11",
    "category": "Beverages",
    "date": "2025-06-28T23:50:25.298334",
    "quantity_sold": 57,
    "revenue": 3813.1,
    "unit_price": 64.12,
    "store_id": "store_5"
  },
  {
    "product_id": 11,
    "product_name": "Product 11",
    "category": "Beverages",
    "date": "2025-06-29T23:50:25.298336",
    "quantity_sold": 121,
    "revenue": 8523.47,
    "unit_price": 64.12,
    "store_id": "store_4"
  },
  {
    "product_id": 11,
    "product_name": "Product 11",
    "category": "Beverages",
    "date": "2025-06-30T23:50:25.298338",
    "quantity_sold": 49,
    "revenue": 2972.91,
    "unit_price": 64.12,
    "store_id": "store_1"
  },
  {
    "product_id": 11,
    "product_name": "Product 11",
    "category": "Beverages",
    "date": "2025-07-01T23:50:25.298340",
    "quantity_sold": 72,
    "revenue": 4864.51,
    "unit_price": 64.12,
    "store_id": "store_4"
  },
  {
    "product_id": 11,
    "product_name": "Product 11",
    "category": "Beverages",
    "date": "2025-07-02T23:50:25.298342",
    "quantity_sold": 53,
    "revenue": 3180.59,
    "unit_price": 64.12,
    "store_id": "store_3"
  },
  {
    "product_id": 11,
    "product_name": "Product 11",
    "category": "Beverages",
    "date": "2025-07-03T23:50:25.298344",
    "quantity_sold": 39,
    "revenue": 2738.55,
    "unit_price": 64.12,
    "store_id": "store_3"
  },
  {
    "product_id": 11,
    "product_name": "Product 11",
    "category": "Beverages",
    "date": "2025-07-04T23:50:25.298346",
    "quantity_sold": 75,
    "revenue": 4607.27,
    "unit_price": 64.12,
    "store_id": "store_3"
  },
  {
    "product_id": 11,
    "product_name": "Product 11",
    "category": "Beverages",
    "date": "2025-07-05T23:50:25.298348",
    "quantity_sold": 47,
    "revenue": 2740.26,
    "unit_price": 64.12,
    "store_id": "store_3"
  },
  {
    "product_id": 11,
    "product_name": "Product 11",
    "category": "Beverages",
    "date": "2025-07-06T23:50:25.298350",
    "quantity_sold": 46,
    "revenue": 3229.14,
    "unit_price": 64.12,
    "store_id": "store_1"
  },
  {
    "product_id": 11,
    "product_name": "Product 11",
    "category": "Beverages",
    "date": "2025-07-07T23:50:25.298352",
    "quantity_sold": 63,
    "revenue": 3804.87,
    "unit_price": 64.12,
    "store_id": "store_5"
  },
  {
    "product_id": 11,
    "product_name": "Product 11",
    "category": "Beverages",
    "date": "2025-07-08T23:50:25.298353",
    "quantity_sold": 77,
    "revenue": 4645.6,
    "unit_price": 64.12,
    "store_id": "store_2"
  },
  {
    "product_id": 11,
    "product_name": "Product 11",
    "category": "Beverages",
    "date": "2025-07-09T23:50:25.298355",
    "quantity_sold": 66,
    "revenue": 3846.88,
    "unit_price": 64.12,
    "store_id": "store_5"
  },
  {
    "product_id": 11,
    "product_name": "Product 11",
    "category": "Beverages",
    "date": "2025-07-10T23:50:25.298357",
    "quantity_sold": 44,
    "revenue": 3023.74,
    "unit_price": 64.12,
    "store_id": "store_3"
  },
  {
    "product_id": 11,
    "product_name": "Product 11",
    "category": "Beverages",
    "date": "2025-07-11T23:50:25.298359",
    "quantity_sold": 56,
    "revenue": 3592.53,
    "unit_price": 64.12,
    "store_id": "store_4"
  },
  {
    "product_id": 11,
    "product_name": "Product 11",
    "category": "Beverages",
    "date": "2025-07-12T23:50:25.298361",
    "quantity_sold": 54,
    "revenue": 3149.63,
    "unit_price": 64.12,
    "store_id": "store_2"
  },
  {
    "product_id": 12,
    "product_name": "Product 12",
    "category": "Snacks",
    "date": "2025-04-14T23:50:25.298363",
    "quantity_sold": 44,
    "revenue": 1106.84,
    "unit_price": 23.48,
    "store_id": "store_3"
  },
  {
    "product_id": 12,
    "product_name": "Product 12",
    "category": "Snacks",
    "date": "2025-04-15T23:50:25.298365",
    "quantity_sold": 52,
    "revenue": 1190.43,
    "unit_price": 23.48,
    "store_id": "store_4"
  },
  {
    "product_id": 12,
    "product_name": "Product 12",
    "category": "Snacks",
    "date": "2025-04-16T23:50:25.298367",
    "quantity_sold": 58,
    "revenue": 1429.39,
    "unit_price": 23.48,
    "store_id": "store_3"
  },
  {
    "product_id": 12,
    "product_name": "Product 12",
    "category": "Snacks",
    "date": "2025-04-17T23:50:25.298369",
    "quantity_sold": 61,
    "revenue": 1318.15,
    "unit_price": 23.48,
    "store_id": "store_3"
  },
  {
    "product_id": 12,
    "product_name": "Product 12",
    "category": "Snacks",
    "date": "2025-04-18T23:50:25.298371",
    "quantity_sold": 54,
    "revenue": 1264.09,
    "unit_price": 23.48,
    "store_id": "store_3"
  },
  {
    "product_id": 12,
    "product_name": "Product 12",
    "category": "Snacks",
    "date": "2025-04-19T23:50:25.298373",
    "quantity_sold": 55,
    "revenue": 1330.82,
    "unit_price": 23.48,
    "store_id": "store_5"
  },
  {
    "product_id": 12,
    "product_name": "Product 12",
    "category": "Snacks",
    "date": "2025-04-20T23:50:25.298375",
    "quantity_sold": 58,
    "revenue": 1416.34,
    "unit_price": 23.48,
    "store_id": "store_1"
  },
  {
    "product_id": 12,
    "product_name": "Product 12",
    "category": "Snacks",
    "date": "2025-04-21T23:50:25.298377",
    "quantity_sold": 39,
    "revenue": 956.07,
    "unit_price": 23.48,
    "store_id": "store_5"
  },
  {
    "product_id": 12,
    "product_name": "Product 12",
    "category": "Snacks",
    "date": "2025-04-22T23:50:25.298378",
    "quantity_sold": 73,
    "revenue": 1722.89,
    "unit_price": 23.48,
    "store_id": "store_3"
  },
  {
    "product_id": 12,
    "product_name": "Product 12",
    "category": "Snacks",
    "date": "2025-04-23T23:50:25.298380",
    "quantity_sold": 72,
    "revenue": 1619.54,
    "unit_price": 23.48,
    "store_id": "store_2"
  },
  {
    "product_id": 12,
    "product_name": "Product 12",
    "category": "Snacks",
    "date": "2025-04-24T23:50:25.298382",
    "quantity_sold": 52,
    "revenue": 1315.93,
    "unit_price": 23.48,
    "store_id": "store_1"
  },
  {
    "product_id": 12,
    "product_name": "Product 12",
    "category": "Snacks",
    "date": "2025-04-25T23:50:25.298384",
    "quantity_sold": 60,
    "revenue": 1387.09,
    "unit_price": 23.48,
    "store_id": "store_3"
  },
  {
    "product_id": 12,
    "product_name": "Product 12",
    "category": "Snacks",
    "date": "2025-04-26T23:50:25.298387",
    "quantity_sold": 37,
    "revenue": 864.07,
    "unit_price": 23.48,
    "store_id": "store_4"
  },
  {
    "product_id": 12,
    "product_name": "Product 12",
    "category": "Snacks",
    "date": "2025-04-27T23:50:25.298389",
    "quantity_sold": 60,
    "revenue": 1504.0,
    "unit_price": 23.48,
    "store_id": "store_4"
  },
  {
    "product_id": 12,
    "product_name": "Product 12",
    "category": "Snacks",
    "date": "2025-04-28T23:50:25.298391",
    "quantity_sold": 59,
    "revenue": 1455.25,
    "unit_price": 23.48,
    "store_id": "store_3"
  },
  {
    "product_id": 12,
    "product_name": "Product 12",
    "category": "Snacks",
    "date": "2025-04-29T23:50:25.298393",
    "quantity_sold": 45,
    "revenue": 1058.36,
    "unit_price": 23.48,
    "store_id": "store_4"
  },
  {
    "product_id": 12,
    "product_name": "Product 12",
    "category": "Snacks",
    "date": "2025-04-30T23:50:25.298395",
    "quantity_sold": 45,
    "revenue": 1141.98,
    "unit_price": 23.48,
    "store_id": "store_2"
  },
  {
    "product_id": 12,
    "product_name": "Product 12",
    "category": "Snacks",
    "date": "2025-05-01T23:50:25.298397",
    "quantity_sold": 68,
    "revenue": 1521.89,
    "unit_price": 23.48,
    "store_id": "store_4"
  },
  {
    "product_id": 12,
    "product_name": "Product 12",
    "category": "Snacks",
    "date": "2025-05-02T23:50:25.298399",
    "quantity_sold": 64,
    "revenue": 1378.61,
    "unit_price": 23.48,
    "store_id": "store_2"
  },
  {
    "product_id": 12,
    "product_name": "Product 12",
    "category": "Snacks",
    "date": "2025-05-03T23:50:25.298401",
    "quantity_sold": 37,
    "revenue": 785.07,
    "unit_price": 23.48,
    "store_id": "store_5"
  },
  {
    "product_id": 12,
    "product_name": "Product 12",
    "category": "Snacks",
    "date": "2025-05-04T23:50:25.298402",
    "quantity_sold": 44,
    "revenue": 1068.21,
    "unit_price": 23.48,
    "store_id": "store_2"
  },
  {
    "product_id": 12,
    "product_name": "Product 12",
    "category": "Snacks",
    "date": "2025-05-05T23:50:25.298404",
    "quantity_sold": 70,
    "revenue": 1633.11,
    "unit_price": 23.48,
    "store_id": "store_4"
  },
  {
    "product_id": 12,
    "product_name": "Product 12",
    "category": "Snacks",
    "date": "2025-05-06T23:50:25.298406",
    "quantity_sold": 41,
    "revenue": 1031.92,
    "unit_price": 23.48,
    "store_id": "store_4"
  },
  {
    "product_id": 12,
    "product_name": "Product 12",
    "category": "Snacks",
    "date": "2025-05-07T23:50:25.298408",
    "quantity_sold": 67,
    "revenue": 1576.63,
    "unit_price": 23.48,
    "store_id": "store_1"
  },
  {
    "product_id": 12,
    "product_name": "Product 12",
    "category": "Snacks",
    "date": "2025-05-08T23:50:25.298411",
    "quantity_sold": 76,
    "revenue": 1942.61,
    "unit_price": 23.48,
    "store_id": "store_1"
  },
  {
    "product_id": 12,
    "product_name": "Product 12",
    "category": "Snacks",
    "date": "2025-05-09T23:50:25.298413",
    "quantity_sold": 62,
    "revenue": 1349.09,
    "unit_price": 23.48,
    "store_id": "store_3"
  },
  {
    "product_id": 12,
    "product_name": "Product 12",
    "category": "Snacks",
    "date": "2025-05-10T23:50:25.298414",
    "quantity_sold": 58,
    "revenue": 1420.68,
    "unit_price": 23.48,
    "store_id": "store_2"
  },
  {
    "product_id": 12,
    "product_name": "Product 12",
    "category": "Snacks",
    "date": "2025-05-11T23:50:25.298416",
    "quantity_sold": 46,
    "revenue": 1126.45,
    "unit_price": 23.48,
    "store_id": "store_5"
  },
  {
    "product_id": 12,
    "product_name": "Product 12",
    "category": "Snacks",
    "date": "2025-05-12T23:50:25.298418",
    "quantity_sold": 78,
    "revenue": 1925.89,
    "unit_price": 23.48,
    "store_id": "store_1"
  },
  {
    "product_id": 12,
    "product_name": "Product 12",
    "category": "Snacks",
    "date": "2025-05-13T23:50:25.298420",
    "quantity_sold": 62,
    "revenue": 1406.07,
    "unit_price": 23.48,
    "store_id": "store_2"
  },
  {
    "product_id": 12,
    "product_name": "Product 12",
    "category": "Snacks",
    "date": "2025-05-14T23:50:25.298421",
    "quantity_sold": 46,
    "revenue": 1062.26,
    "unit_price": 23.48,
    "store_id": "store_4"
  },
  {
    "product_id": 12,
    "product_name": "Product 12",
    "category": "Snacks",
    "date": "2025-05-15T23:50:25.298423",
    "quantity_sold": 133,
    "revenue": 3195.3,
    "unit_price": 23.48,
    "store_id": "store_1"
  },
  {
    "product_id": 12,
    "product_name": "Product 12",
    "category": "Snacks",
    "date": "2025-05-16T23:50:25.298425",
    "quantity_sold": 55,
    "revenue": 1257.03,
    "unit_price": 23.48,
    "store_id": "store_1"
  },
  {
    "product_id": 12,
    "product_name": "Product 12",
    "category": "Snacks",
    "date": "2025-05-17T23:50:25.298426",
    "quantity_sold": 51,
    "revenue": 1143.53,
    "unit_price": 23.48,
    "store_id": "store_2"
  },
  {
    "product_id": 12,
    "product_name": "Product 12",
    "category": "Snacks",
    "date": "2025-05-18T23:50:25.298428",
    "quantity_sold": 63,
    "revenue": 1579.97,
    "unit_price": 23.48,
    "store_id": "store_2"
  },
  {
    "product_id": 12,
    "product_name": "Product 12",
    "category": "Snacks",
    "date": "2025-05-19T23:50:25.298430",
    "quantity_sold": 58,
    "revenue": 1230.97,
    "unit_price": 23.48,
    "store_id": "store_3"
  },
  {
    "product_id": 12,
    "product_name": "Product 12",
    "category": "Snacks",
    "date": "2025-05-20T23:50:25.298431",
    "quantity_sold": 39,
    "revenue": 983.06,
    "unit_price": 23.48,
    "store_id": "store_1"
  },
  {
    "product_id": 12,
    "product_name": "Product 12",
    "category": "Snacks",
    "date": "2025-05-21T23:50:25.298433",
    "quantity_sold": 59,
    "revenue": 1350.61,
    "unit_price": 23.48,
    "store_id": "store_2"
  },
  {
    "product_id": 12,
    "product_name": "Product 12",
    "category": "Snacks",
    "date": "2025-05-22T23:50:25.298435",
    "quantity_sold": 74,
    "revenue": 1889.69,
    "unit_price": 23.48,
    "store_id": "store_2"
  },
  {
    "product_id": 12,
    "product_name": "Product 12",
    "category": "Snacks",
    "date": "2025-05-23T23:50:25.298437",
    "quantity_sold": 51,
    "revenue": 1108.62,
    "unit_price": 23.48,
    "store_id": "store_5"
  },
  {
    "product_id": 12,
    "product_name": "Product 12",
    "category": "Snacks",
    "date": "2025-05-24T23:50:25.298438",
    "quantity_sold": 53,
    "revenue": 1132.04,
    "unit_price": 23.48,
    "store_id": "store_4"
  },
  {
    "product_id": 12,
    "product_name": "Product 12",
    "category": "Snacks",
    "date": "2025-05-25T23:50:25.298440",
    "quantity_sold": 46,
    "revenue": 1034.42,
    "unit_price": 23.48,
    "store_id": "store_3"
  },
  {
    "product_id": 12,
    "product_name": "Product 12",
    "category": "Snacks",
    "date": "2025-05-26T23:50:25.298442",
    "quantity_sold": 51,
    "revenue": 1134.85,
    "unit_price": 23.48,
    "store_id": "store_1"
  },
  {
    "product_id": 12,
    "product_name": "Product 12",
    "category": "Snacks",
    "date": "2025-05-27T23:50:25.298443",
    "quantity_sold": 70,
    "revenue": 1504.44,
    "unit_price": 23.48,
    "store_id": "store_4"
  },
  {
    "product_id": 12,
    "product_name": "Product 12",
    "category": "Snacks",
    "date": "2025-05-28T23:50:25.298445",
    "quantity_sold": 47,
    "revenue": 994.44,
    "unit_price": 23.48,
    "store_id": "store_2"
  },
  {
    "product_id": 12,
    "product_name": "Product 12",
    "category": "Snacks",
    "date": "2025-05-29T23:50:25.298447",
    "quantity_sold": 42,
    "revenue": 995.62,
    "unit_price": 23.48,
    "store_id": "store_2"
  },
  {
    "product_id": 12,
    "product_name": "Product 12",
    "category": "Snacks",
    "date": "2025-05-30T23:50:25.298449",
    "quantity_sold": 41,
    "revenue": 923.44,
    "unit_price": 23.48,
    "store_id": "store_1"
  },
  {
    "product_id": 12,
    "product_name": "Product 12",
    "category": "Snacks",
    "date": "2025-05-31T23:50:25.298451",
    "quantity_sold": 52,
    "revenue": 1164.18,
    "unit_price": 23.48,
    "store_id": "store_4"
  },
  {
    "product_id": 12,
    "product_name": "Product 12",
    "category": "Snacks",
    "date": "2025-06-01T23:50:25.298453",
    "quantity_sold": 65,
    "revenue": 1454.88,
    "unit_price": 23.48,
    "store_id": "store_5"
  },
  {
    "product_id": 12,
    "product_name": "Product 12",
    "category": "Snacks",
    "date": "2025-06-02T23:50:25.298455",
    "quantity_sold": 55,
    "revenue": 1206.04,
    "unit_price": 23.48,
    "store_id": "store_4"
  },
  {
    "product_id": 12,
    "product_name": "Product 12",
    "category": "Snacks",
    "date": "2025-06-03T23:50:25.298457",
    "quantity_sold": 78,
    "revenue": 1725.47,
    "unit_price": 23.48,
    "store_id": "store_4"
  },
  {
    "product_id": 12,
    "product_name": "Product 12",
    "category": "Snacks",
    "date": "2025-06-04T23:50:25.298459",
    "quantity_sold": 47,
    "revenue": 1157.7,
    "unit_price": 23.48,
    "store_id": "store_4"
  },
  {
    "product_id": 12,
    "product_name": "Product 12",
    "category": "Snacks",
    "date": "2025-06-05T23:50:25.298460",
    "quantity_sold": 69,
    "revenue": 1609.43,
    "unit_price": 23.48,
    "store_id": "store_5"
  },
  {
    "product_id": 12,
    "product_name": "Product 12",
    "category": "Snacks",
    "date": "2025-06-06T23:50:25.298462",
    "quantity_sold": 91,
    "revenue": 2148.47,
    "unit_price": 23.48,
    "store_id": "store_4"
  },
  {
    "product_id": 12,
    "product_name": "Product 12",
    "category": "Snacks",
    "date": "2025-06-07T23:50:25.298464",
    "quantity_sold": 54,
    "revenue": 1390.28,
    "unit_price": 23.48,
    "store_id": "store_2"
  },
  {
    "product_id": 12,
    "product_name": "Product 12",
    "category": "Snacks",
    "date": "2025-06-08T23:50:25.298466",
    "quantity_sold": 66,
    "revenue": 1508.3,
    "unit_price": 23.48,
    "store_id": "store_4"
  },
  {
    "product_id": 12,
    "product_name": "Product 12",
    "category": "Snacks",
    "date": "2025-06-09T23:50:25.298468",
    "quantity_sold": 45,
    "revenue": 1112.19,
    "unit_price": 23.48,
    "store_id": "store_3"
  },
  {
    "product_id": 12,
    "product_name": "Product 12",
    "category": "Snacks",
    "date": "2025-06-10T23:50:25.298470",
    "quantity_sold": 46,
    "revenue": 1184.82,
    "unit_price": 23.48,
    "store_id": "store_2"
  },
  {
    "product_id": 12,
    "product_name": "Product 12",
    "category": "Snacks",
    "date": "2025-06-11T23:50:25.298472",
    "quantity_sold": 56,
    "revenue": 1219.36,
    "unit_price": 23.48,
    "store_id": "store_2"
  },
  {
    "product_id": 12,
    "product_name": "Product 12",
    "category": "Snacks",
    "date": "2025-06-12T23:50:25.298475",
    "quantity_sold": 41,
    "revenue": 1044.57,
    "unit_price": 23.48,
    "store_id": "store_3"
  },
  {
    "product_id": 12,
    "product_name": "Product 12",
    "category": "Snacks",
    "date": "2025-06-13T23:50:25.298477",
    "quantity_sold": 45,
    "revenue": 1105.63,
    "unit_price": 23.48,
    "store_id": "store_4"
  },
  {
    "product_id": 12,
    "product_name": "Product 12",
    "category": "Snacks",
    "date": "2025-06-14T23:50:25.298479",
    "quantity_sold": 41,
    "revenue": 912.4,
    "unit_price": 23.48,
    "store_id": "store_3"
  },
  {
    "product_id": 12,
    "product_name": "Product 12",
    "category": "Snacks",
    "date": "2025-06-15T23:50:25.298481",
    "quantity_sold": 46,
    "revenue": 1133.28,
    "unit_price": 23.48,
    "store_id": "store_2"
  },
  {
    "product_id": 12,
    "product_name": "Product 12",
    "category": "Snacks",
    "date": "2025-06-16T23:50:25.298483",
    "quantity_sold": 54,
    "revenue": 1316.05,
    "unit_price": 23.48,
    "store_id": "store_5"
  },
  {
    "product_id": 12,
    "product_name": "Product 12",
    "category": "Snacks",
    "date": "2025-06-17T23:50:25.298486",
    "quantity_sold": 80,
    "revenue": 1960.92,
    "unit_price": 23.48,
    "store_id": "store_5"
  },
  {
    "product_id": 12,
    "product_name": "Product 12",
    "category": "Snacks",
    "date": "2025-06-18T23:50:25.298488",
    "quantity_sold": 80,
    "revenue": 1702.4,
    "unit_price": 23.48,
    "store_id": "store_2"
  },
  {
    "product_id": 12,
    "product_name": "Product 12",
    "category": "Snacks",
    "date": "2025-06-19T23:50:25.298490",
    "quantity_sold": 72,
    "revenue": 1687.21,
    "unit_price": 23.48,
    "store_id": "store_2"
  },
  {
    "product_id": 12,
    "product_name": "Product 12",
    "category": "Snacks",
    "date": "2025-06-20T23:50:25.298492",
    "quantity_sold": 60,
    "revenue": 1293.39,
    "unit_price": 23.48,
    "store_id": "store_1"
  },
  {
    "product_id": 12,
    "product_name": "Product 12",
    "category": "Snacks",
    "date": "2025-06-21T23:50:25.298494",
    "quantity_sold": 41,
    "revenue": 896.81,
    "unit_price": 23.48,
    "store_id": "store_1"
  },
  {
    "product_id": 12,
    "product_name": "Product 12",
    "category": "Snacks",
    "date": "2025-06-22T23:50:25.298497",
    "quantity_sold": 39,
    "revenue": 864.57,
    "unit_price": 23.48,
    "store_id": "store_5"
  },
  {
    "product_id": 12,
    "product_name": "Product 12",
    "category": "Snacks",
    "date": "2025-06-23T23:50:25.298499",
    "quantity_sold": 93,
    "revenue": 1973.81,
    "unit_price": 23.48,
    "store_id": "store_4"
  },
  {
    "product_id": 12,
    "product_name": "Product 12",
    "category": "Snacks",
    "date": "2025-06-24T23:50:25.298501",
    "quantity_sold": 49,
    "revenue": 1124.04,
    "unit_price": 23.48,
    "store_id": "store_1"
  },
  {
    "product_id": 12,
    "product_name": "Product 12",
    "category": "Snacks",
    "date": "2025-06-25T23:50:25.298503",
    "quantity_sold": 67,
    "revenue": 1621.95,
    "unit_price": 23.48,
    "store_id": "store_4"
  },
  {
    "product_id": 12,
    "product_name": "Product 12",
    "category": "Snacks",
    "date": "2025-06-26T23:50:25.298505",
    "quantity_sold": 58,
    "revenue": 1387.03,
    "unit_price": 23.48,
    "store_id": "store_4"
  },
  {
    "product_id": 12,
    "product_name": "Product 12",
    "category": "Snacks",
    "date": "2025-06-27T23:50:25.298507",
    "quantity_sold": 51,
    "revenue": 1169.6,
    "unit_price": 23.48,
    "store_id": "store_3"
  },
  {
    "product_id": 12,
    "product_name": "Product 12",
    "category": "Snacks",
    "date": "2025-06-28T23:50:25.298509",
    "quantity_sold": 68,
    "revenue": 1619.94,
    "unit_price": 23.48,
    "store_id": "store_1"
  },
  {
    "product_id": 12,
    "product_name": "Product 12",
    "category": "Snacks",
    "date": "2025-06-29T23:50:25.298511",
    "quantity_sold": 68,
    "revenue": 1535.54,
    "unit_price": 23.48,
    "store_id": "store_3"
  },
  {
    "product_id": 12,
    "product_name": "Product 12",
    "category": "Snacks",
    "date": "2025-06-30T23:50:25.298513",
    "quantity_sold": 60,
    "revenue": 1539.23,
    "unit_price": 23.48,
    "store_id": "store_5"
  },
  {
    "product_id": 12,
    "product_name": "Product 12",
    "category": "Snacks",
    "date": "2025-07-01T23:50:25.298515",
    "quantity_sold": 74,
    "revenue": 1839.14,
    "unit_price": 23.48,
    "store_id": "store_3"
  },
  {
    "product_id": 12,
    "product_name": "Product 12",
    "category": "Snacks",
    "date": "2025-07-02T23:50:25.298517",
    "quantity_sold": 77,
    "revenue": 1862.58,
    "unit_price": 23.48,
    "store_id": "store_1"
  },
  {
    "product_id": 12,
    "product_name": "Product 12",
    "category": "Snacks",
    "date": "2025-07-03T23:50:25.298518",
    "quantity_sold": 76,
    "revenue": 1887.49,
    "unit_price": 23.48,
    "store_id": "store_1"
  },
  {
    "product_id": 12,
    "product_name": "Product 12",
    "category": "Snacks",
    "date": "2025-07-04T23:50:25.298520",
    "quantity_sold": 70,
    "revenue": 1745.7,
    "unit_price": 23.48,
    "store_id": "store_1"
  },
  {
    "product_id": 12,
    "product_name": "Product 12",
    "category": "Snacks",
    "date": "2025-07-05T23:50:25.298523",
    "quantity_sold": 61,
    "revenue": 1500.38,
    "unit_price": 23.48,
    "store_id": "store_2"
  },
  {
    "product_id": 12,
    "product_name": "Product 12",
    "category": "Snacks",
    "date": "2025-07-06T23:50:25.298525",
    "quantity_sold": 50,
    "revenue": 1190.29,
    "unit_price": 23.48,
    "store_id": "store_1"
  },
  {
    "product_id": 12,
    "product_name": "Product 12",
    "category": "Snacks",
    "date": "2025-07-07T23:50:25.298527",
    "quantity_sold": 55,
    "revenue": 1268.1,
    "unit_price": 23.48,
    "store_id": "store_1"
  },
  {
    "product_id": 12,
    "product_name": "Product 12",
    "category": "Snacks",
    "date": "2025-07-08T23:50:25.298529",
    "quantity_sold": 50,
    "revenue": 1230.71,
    "unit_price": 23.48,
    "store_id": "store_3"
  },
  {
    "product_id": 12,
    "product_name": "Product 12",
    "category": "Snacks",
    "date": "2025-07-09T23:50:25.298531",
    "quantity_sold": 75,
    "revenue": 1789.42,
    "unit_price": 23.48,
    "store_id": "store_3"
  },
  {
    "product_id": 12,
    "product_name": "Product 12",
    "category": "Snacks",
    "date": "2025-07-10T23:50:25.298533",
    "quantity_sold": 43,
    "revenue": 1057.12,
    "unit_price": 23.48,
    "store_id": "store_1"
  },
  {
    "product_id": 12,
    "product_name": "Product 12",
    "category": "Snacks",
    "date": "2025-07-11T23:50:25.298535",
    "quantity_sold": 59,
    "revenue": 1357.58,
    "unit_price": 23.48,
    "store_id": "store_5"
  },
  {
    "product_id": 12,
    "product_name": "Product 12",
    "category": "Snacks",
    "date": "2025-07-12T23:50:25.298537",
    "quantity_sold": 56,
    "revenue": 1252.06,
    "unit_price": 23.48,
    "store_id": "store_3"
  },
  {
    "product_id": 13,
    "product_name": "Product 13",
    "category": "Electronics",
    "date": "2025-04-14T23:50:25.298540",
    "quantity_sold": 44,
    "revenue": 2687.25,
    "unit_price": 55.99,
    "store_id": "store_5"
  },
  {
    "product_id": 13,
    "product_name": "Product 13",
    "category": "Electronics",
    "date": "2025-04-15T23:50:25.298542",
    "quantity_sold": 35,
    "revenue": 1780.15,
    "unit_price": 55.99,
    "store_id": "store_3"
  },
  {
    "product_id": 13,
    "product_name": "Product 13",
    "category": "Electronics",
    "date": "2025-04-16T23:50:25.298544",
    "quantity_sold": 47,
    "revenue": 2530.2,
    "unit_price": 55.99,
    "store_id": "store_1"
  },
  {
    "product_id": 13,
    "product_name": "Product 13",
    "category": "Electronics",
    "date": "2025-04-17T23:50:25.298546",
    "quantity_sold": 45,
    "revenue": 2596.77,
    "unit_price": 55.99,
    "store_id": "store_5"
  },
  {
    "product_id": 13,
    "product_name": "Product 13",
    "category": "Electronics",
    "date": "2025-04-18T23:50:25.298548",
    "quantity_sold": 51,
    "revenue": 3071.44,
    "unit_price": 55.99,
    "store_id": "store_4"
  },
  {
    "product_id": 13,
    "product_name": "Product 13",
    "category": "Electronics",
    "date": "2025-04-19T23:50:25.298550",
    "quantity_sold": 30,
    "revenue": 1611.79,
    "unit_price": 55.99,
    "store_id": "store_4"
  },
  {
    "product_id": 13,
    "product_name": "Product 13",
    "category": "Electronics",
    "date": "2025-04-20T23:50:25.298552",
    "quantity_sold": 64,
    "revenue": 3554.58,
    "unit_price": 55.99,
    "store_id": "store_3"
  },
  {
    "product_id": 13,
    "product_name": "Product 13",
    "category": "Electronics",
    "date": "2025-04-21T23:50:25.298554",
    "quantity_sold": 32,
    "revenue": 1803.03,
    "unit_price": 55.99,
    "store_id": "store_3"
  },
  {
    "product_id": 13,
    "product_name": "Product 13",
    "category": "Electronics",
    "date": "2025-04-22T23:50:25.298555",
    "quantity_sold": 42,
    "revenue": 2129.14,
    "unit_price": 55.99,
    "store_id": "store_1"
  },
  {
    "product_id": 13,
    "product_name": "Product 13",
    "category": "Electronics",
    "date": "2025-04-23T23:50:25.298557",
    "quantity_sold": 82,
    "revenue": 4186.84,
    "unit_price": 55.99,
    "store_id": "store_5"
  },
  {
    "product_id": 13,
    "product_name": "Product 13",
    "category": "Electronics",
    "date": "2025-04-24T23:50:25.298559",
    "quantity_sold": 34,
    "revenue": 2022.7,
    "unit_price": 55.99,
    "store_id": "store_1"
  },
  {
    "product_id": 13,
    "product_name": "Product 13",
    "category": "Electronics",
    "date": "2025-04-25T23:50:25.298561",
    "quantity_sold": 44,
    "revenue": 2398.9,
    "unit_price": 55.99,
    "store_id": "store_2"
  },
  {
    "product_id": 13,
    "product_name": "Product 13",
    "category": "Electronics",
    "date": "2025-04-26T23:50:25.298563",
    "quantity_sold": 31,
    "revenue": 1611.54,
    "unit_price": 55.99,
    "store_id": "store_1"
  },
  {
    "product_id": 13,
    "product_name": "Product 13",
    "category": "Electronics",
    "date": "2025-04-27T23:50:25.298565",
    "quantity_sold": 16,
    "revenue": 950.3,
    "unit_price": 55.99,
    "store_id": "store_4"
  },
  {
    "product_id": 13,
    "product_name": "Product 13",
    "category": "Electronics",
    "date": "2025-04-28T23:50:25.298567",
    "quantity_sold": 34,
    "revenue": 1981.47,
    "unit_price": 55.99,
    "store_id": "store_5"
  },
  {
    "product_id": 13,
    "product_name": "Product 13",
    "category": "Electronics",
    "date": "2025-04-29T23:50:25.298569",
    "quantity_sold": 40,
    "revenue": 2070.23,
    "unit_price": 55.99,
    "store_id": "store_5"
  },
  {
    "product_id": 13,
    "product_name": "Product 13",
    "category": "Electronics",
    "date": "2025-04-30T23:50:25.298571",
    "quantity_sold": 26,
    "revenue": 1554.96,
    "unit_price": 55.99,
    "store_id": "store_1"
  },
  {
    "product_id": 13,
    "product_name": "Product 13",
    "category": "Electronics",
    "date": "2025-05-01T23:50:25.298573",
    "quantity_sold": 42,
    "revenue": 2219.73,
    "unit_price": 55.99,
    "store_id": "store_2"
  },
  {
    "product_id": 13,
    "product_name": "Product 13",
    "category": "Electronics",
    "date": "2025-05-02T23:50:25.298575",
    "quantity_sold": 46,
    "revenue": 2783.39,
    "unit_price": 55.99,
    "store_id": "store_2"
  },
  {
    "product_id": 13,
    "product_name": "Product 13",
    "category": "Electronics",
    "date": "2025-05-03T23:50:25.298577",
    "quantity_sold": 31,
    "revenue": 1616.08,
    "unit_price": 55.99,
    "store_id": "store_5"
  },
  {
    "product_id": 13,
    "product_name": "Product 13",
    "category": "Electronics",
    "date": "2025-05-04T23:50:25.298579",
    "quantity_sold": 23,
    "revenue": 1213.73,
    "unit_price": 55.99,
    "store_id": "store_3"
  },
  {
    "product_id": 13,
    "product_name": "Product 13",
    "category": "Electronics",
    "date": "2025-05-05T23:50:25.298582",
    "quantity_sold": 48,
    "revenue": 2422.7,
    "unit_price": 55.99,
    "store_id": "store_5"
  },
  {
    "product_id": 13,
    "product_name": "Product 13",
    "category": "Electronics",
    "date": "2025-05-06T23:50:25.298584",
    "quantity_sold": 34,
    "revenue": 1833.47,
    "unit_price": 55.99,
    "store_id": "store_2"
  },
  {
    "product_id": 13,
    "product_name": "Product 13",
    "category": "Electronics",
    "date": "2025-05-07T23:50:25.298585",
    "quantity_sold": 35,
    "revenue": 1823.08,
    "unit_price": 55.99,
    "store_id": "store_2"
  },
  {
    "product_id": 13,
    "product_name": "Product 13",
    "category": "Electronics",
    "date": "2025-05-08T23:50:25.298587",
    "quantity_sold": 52,
    "revenue": 2819.82,
    "unit_price": 55.99,
    "store_id": "store_1"
  },
  {
    "product_id": 13,
    "product_name": "Product 13",
    "category": "Electronics",
    "date": "2025-05-09T23:50:25.298589",
    "quantity_sold": 35,
    "revenue": 2005.57,
    "unit_price": 55.99,
    "store_id": "store_1"
  },
  {
    "product_id": 13,
    "product_name": "Product 13",
    "category": "Electronics",
    "date": "2025-05-10T23:50:25.298591",
    "quantity_sold": 29,
    "revenue": 1706.98,
    "unit_price": 55.99,
    "store_id": "store_5"
  },
  {
    "product_id": 13,
    "product_name": "Product 13",
    "category": "Electronics",
    "date": "2025-05-11T23:50:25.298593",
    "quantity_sold": 22,
    "revenue": 1260.17,
    "unit_price": 55.99,
    "store_id": "store_1"
  },
  {
    "product_id": 13,
    "product_name": "Product 13",
    "category": "Electronics",
    "date": "2025-05-12T23:50:25.298595",
    "quantity_sold": 43,
    "revenue": 2235.68,
    "unit_price": 55.99,
    "store_id": "store_3"
  },
  {
    "product_id": 13,
    "product_name": "Product 13",
    "category": "Electronics",
    "date": "2025-05-13T23:50:25.298597",
    "quantity_sold": 52,
    "revenue": 2881.92,
    "unit_price": 55.99,
    "store_id": "store_2"
  },
  {
    "product_id": 13,
    "product_name": "Product 13",
    "category": "Electronics",
    "date": "2025-05-14T23:50:25.298599",
    "quantity_sold": 52,
    "revenue": 3136.1,
    "unit_price": 55.99,
    "store_id": "store_2"
  },
  {
    "product_id": 13,
    "product_name": "Product 13",
    "category": "Electronics",
    "date": "2025-05-15T23:50:25.298601",
    "quantity_sold": 41,
    "revenue": 2368.08,
    "unit_price": 55.99,
    "store_id": "store_4"
  },
  {
    "product_id": 13,
    "product_name": "Product 13",
    "category": "Electronics",
    "date": "2025-05-16T23:50:25.298602",
    "quantity_sold": 52,
    "revenue": 3035.31,
    "unit_price": 55.99,
    "store_id": "store_3"
  },
  {
    "product_id": 13,
    "product_name": "Product 13",
    "category": "Electronics",
    "date": "2025-05-17T23:50:25.298604",
    "quantity_sold": 27,
    "revenue": 1491.11,
    "unit_price": 55.99,
    "store_id": "store_2"
  },
  {
    "product_id": 13,
    "product_name": "Product 13",
    "category": "Electronics",
    "date": "2025-05-18T23:50:25.298606",
    "quantity_sold": 27,
    "revenue": 1429.46,
    "unit_price": 55.99,
    "store_id": "store_5"
  },
  {
    "product_id": 13,
    "product_name": "Product 13",
    "category": "Electronics",
    "date": "2025-05-19T23:50:25.298608",
    "quantity_sold": 51,
    "revenue": 2801.03,
    "unit_price": 55.99,
    "store_id": "store_4"
  },
  {
    "product_id": 13,
    "product_name": "Product 13",
    "category": "Electronics",
    "date": "2025-05-20T23:50:25.298610",
    "quantity_sold": 43,
    "revenue": 2634.98,
    "unit_price": 55.99,
    "store_id": "store_1"
  },
  {
    "product_id": 13,
    "product_name": "Product 13",
    "category": "Electronics",
    "date": "2025-05-21T23:50:25.298612",
    "quantity_sold": 35,
    "revenue": 1865.03,
    "unit_price": 55.99,
    "store_id": "store_2"
  },
  {
    "product_id": 13,
    "product_name": "Product 13",
    "category": "Electronics",
    "date": "2025-05-22T23:50:25.298614",
    "quantity_sold": 51,
    "revenue": 2762.88,
    "unit_price": 55.99,
    "store_id": "store_1"
  },
  {
    "product_id": 13,
    "product_name": "Product 13",
    "category": "Electronics",
    "date": "2025-05-23T23:50:25.298616",
    "quantity_sold": 35,
    "revenue": 1768.07,
    "unit_price": 55.99,
    "store_id": "store_2"
  },
  {
    "product_id": 13,
    "product_name": "Product 13",
    "category": "Electronics",
    "date": "2025-05-24T23:50:25.298618",
    "quantity_sold": 26,
    "revenue": 1583.02,
    "unit_price": 55.99,
    "store_id": "store_2"
  },
  {
    "product_id": 13,
    "product_name": "Product 13",
    "category": "Electronics",
    "date": "2025-05-25T23:50:25.298620",
    "quantity_sold": 18,
    "revenue": 1055.32,
    "unit_price": 55.99,
    "store_id": "store_5"
  },
  {
    "product_id": 13,
    "product_name": "Product 13",
    "category": "Electronics",
    "date": "2025-05-26T23:50:25.298621",
    "quantity_sold": 39,
    "revenue": 1976.72,
    "unit_price": 55.99,
    "store_id": "store_5"
  },
  {
    "product_id": 13,
    "product_name": "Product 13",
    "category": "Electronics",
    "date": "2025-05-27T23:50:25.298623",
    "quantity_sold": 54,
    "revenue": 3174.15,
    "unit_price": 55.99,
    "store_id": "store_1"
  },
  {
    "product_id": 13,
    "product_name": "Product 13",
    "category": "Electronics",
    "date": "2025-05-28T23:50:25.298625",
    "quantity_sold": 76,
    "revenue": 3913.62,
    "unit_price": 55.99,
    "store_id": "store_5"
  },
  {
    "product_id": 13,
    "product_name": "Product 13",
    "category": "Electronics",
    "date": "2025-05-29T23:50:25.298627",
    "quantity_sold": 44,
    "revenue": 2447.96,
    "unit_price": 55.99,
    "store_id": "store_1"
  },
  {
    "product_id": 13,
    "product_name": "Product 13",
    "category": "Electronics",
    "date": "2025-05-30T23:50:25.298629",
    "quantity_sold": 31,
    "revenue": 1601.02,
    "unit_price": 55.99,
    "store_id": "store_2"
  },
  {
    "product_id": 13,
    "product_name": "Product 13",
    "category": "Electronics",
    "date": "2025-05-31T23:50:25.298631",
    "quantity_sold": 22,
    "revenue": 1255.93,
    "unit_price": 55.99,
    "store_id": "store_5"
  },
  {
    "product_id": 13,
    "product_name": "Product 13",
    "category": "Electronics",
    "date": "2025-06-01T23:50:25.298632",
    "quantity_sold": 33,
    "revenue": 1915.19,
    "unit_price": 55.99,
    "store_id": "store_1"
  },
  {
    "product_id": 13,
    "product_name": "Product 13",
    "category": "Electronics",
    "date": "2025-06-02T23:50:25.298634",
    "quantity_sold": 38,
    "revenue": 2331.26,
    "unit_price": 55.99,
    "store_id": "store_3"
  },
  {
    "product_id": 13,
    "product_name": "Product 13",
    "category": "Electronics",
    "date": "2025-06-03T23:50:25.298636",
    "quantity_sold": 30,
    "revenue": 1837.34,
    "unit_price": 55.99,
    "store_id": "store_3"
  },
  {
    "product_id": 13,
    "product_name": "Product 13",
    "category": "Electronics",
    "date": "2025-06-04T23:50:25.298638",
    "quantity_sold": 36,
    "revenue": 1978.34,
    "unit_price": 55.99,
    "store_id": "store_5"
  },
  {
    "product_id": 13,
    "product_name": "Product 13",
    "category": "Electronics",
    "date": "2025-06-05T23:50:25.298640",
    "quantity_sold": 54,
    "revenue": 3026.43,
    "unit_price": 55.99,
    "store_id": "store_1"
  },
  {
    "product_id": 13,
    "product_name": "Product 13",
    "category": "Electronics",
    "date": "2025-06-06T23:50:25.298642",
    "quantity_sold": 49,
    "revenue": 2787.39,
    "unit_price": 55.99,
    "store_id": "store_3"
  },
  {
    "product_id": 13,
    "product_name": "Product 13",
    "category": "Electronics",
    "date": "2025-06-07T23:50:25.298644",
    "quantity_sold": 18,
    "revenue": 1030.85,
    "unit_price": 55.99,
    "store_id": "store_5"
  },
  {
    "product_id": 13,
    "product_name": "Product 13",
    "category": "Electronics",
    "date": "2025-06-08T23:50:25.298646",
    "quantity_sold": 29,
    "revenue": 1760.05,
    "unit_price": 55.99,
    "store_id": "store_4"
  },
  {
    "product_id": 13,
    "product_name": "Product 13",
    "category": "Electronics",
    "date": "2025-06-09T23:50:25.298648",
    "quantity_sold": 54,
    "revenue": 3021.51,
    "unit_price": 55.99,
    "store_id": "store_5"
  },
  {
    "product_id": 13,
    "product_name": "Product 13",
    "category": "Electronics",
    "date": "2025-06-10T23:50:25.298650",
    "quantity_sold": 81,
    "revenue": 4296.38,
    "unit_price": 55.99,
    "store_id": "store_2"
  },
  {
    "product_id": 13,
    "product_name": "Product 13",
    "category": "Electronics",
    "date": "2025-06-11T23:50:25.298652",
    "quantity_sold": 44,
    "revenue": 2536.87,
    "unit_price": 55.99,
    "store_id": "store_5"
  },
  {
    "product_id": 13,
    "product_name": "Product 13",
    "category": "Electronics",
    "date": "2025-06-12T23:50:25.298654",
    "quantity_sold": 48,
    "revenue": 2651.24,
    "unit_price": 55.99,
    "store_id": "store_2"
  },
  {
    "product_id": 13,
    "product_name": "Product 13",
    "category": "Electronics",
    "date": "2025-06-13T23:50:25.298655",
    "quantity_sold": 38,
    "revenue": 2287.58,
    "unit_price": 55.99,
    "store_id": "store_2"
  },
  {
    "product_id": 13,
    "product_name": "Product 13",
    "category": "Electronics",
    "date": "2025-06-14T23:50:25.298657",
    "quantity_sold": 34,
    "revenue": 1999.92,
    "unit_price": 55.99,
    "store_id": "store_5"
  },
  {
    "product_id": 13,
    "product_name": "Product 13",
    "category": "Electronics",
    "date": "2025-06-15T23:50:25.298659",
    "quantity_sold": 23,
    "revenue": 1358.73,
    "unit_price": 55.99,
    "store_id": "store_4"
  },
  {
    "product_id": 13,
    "product_name": "Product 13",
    "category": "Electronics",
    "date": "2025-06-16T23:50:25.298661",
    "quantity_sold": 30,
    "revenue": 1566.02,
    "unit_price": 55.99,
    "store_id": "store_1"
  },
  {
    "product_id": 13,
    "product_name": "Product 13",
    "category": "Electronics",
    "date": "2025-06-17T23:50:25.298663",
    "quantity_sold": 30,
    "revenue": 1755.55,
    "unit_price": 55.99,
    "store_id": "store_1"
  },
  {
    "product_id": 13,
    "product_name": "Product 13",
    "category": "Electronics",
    "date": "2025-06-18T23:50:25.298665",
    "quantity_sold": 51,
    "revenue": 3113.22,
    "unit_price": 55.99,
    "store_id": "store_1"
  },
  {
    "product_id": 13,
    "product_name": "Product 13",
    "category": "Electronics",
    "date": "2025-06-19T23:50:25.298667",
    "quantity_sold": 49,
    "revenue": 2779.45,
    "unit_price": 55.99,
    "store_id": "store_4"
  },
  {
    "product_id": 13,
    "product_name": "Product 13",
    "category": "Electronics",
    "date": "2025-06-20T23:50:25.298669",
    "quantity_sold": 54,
    "revenue": 3196.82,
    "unit_price": 55.99,
    "store_id": "store_1"
  },
  {
    "product_id": 13,
    "product_name": "Product 13",
    "category": "Electronics",
    "date": "2025-06-21T23:50:25.298671",
    "quantity_sold": 33,
    "revenue": 1810.61,
    "unit_price": 55.99,
    "store_id": "store_1"
  },
  {
    "product_id": 13,
    "product_name": "Product 13",
    "category": "Electronics",
    "date": "2025-06-22T23:50:25.298673",
    "quantity_sold": 18,
    "revenue": 1051.7,
    "unit_price": 55.99,
    "store_id": "store_3"
  },
  {
    "product_id": 13,
    "product_name": "Product 13",
    "category": "Electronics",
    "date": "2025-06-23T23:50:25.298675",
    "quantity_sold": 39,
    "revenue": 2204.83,
    "unit_price": 55.99,
    "store_id": "store_4"
  },
  {
    "product_id": 13,
    "product_name": "Product 13",
    "category": "Electronics",
    "date": "2025-06-24T23:50:25.298677",
    "quantity_sold": 49,
    "revenue": 2488.3,
    "unit_price": 55.99,
    "store_id": "store_5"
  },
  {
    "product_id": 13,
    "product_name": "Product 13",
    "category": "Electronics",
    "date": "2025-06-25T23:50:25.298678",
    "quantity_sold": 36,
    "revenue": 2116.23,
    "unit_price": 55.99,
    "store_id": "store_3"
  },
  {
    "product_id": 13,
    "product_name": "Product 13",
    "category": "Electronics",
    "date": "2025-06-26T23:50:25.298680",
    "quantity_sold": 33,
    "revenue": 2024.8,
    "unit_price": 55.99,
    "store_id": "store_5"
  },
  {
    "product_id": 13,
    "product_name": "Product 13",
    "category": "Electronics",
    "date": "2025-06-27T23:50:25.298682",
    "quantity_sold": 37,
    "revenue": 1895.89,
    "unit_price": 55.99,
    "store_id": "store_4"
  },
  {
    "product_id": 13,
    "product_name": "Product 13",
    "category": "Electronics",
    "date": "2025-06-28T23:50:25.298684",
    "quantity_sold": 32,
    "revenue": 1948.18,
    "unit_price": 55.99,
    "store_id": "store_4"
  },
  {
    "product_id": 13,
    "product_name": "Product 13",
    "category": "Electronics",
    "date": "2025-06-29T23:50:25.298686",
    "quantity_sold": 24,
    "revenue": 1296.46,
    "unit_price": 55.99,
    "store_id": "store_4"
  },
  {
    "product_id": 13,
    "product_name": "Product 13",
    "category": "Electronics",
    "date": "2025-06-30T23:50:25.298688",
    "quantity_sold": 42,
    "revenue": 2503.04,
    "unit_price": 55.99,
    "store_id": "store_5"
  },
  {
    "product_id": 13,
    "product_name": "Product 13",
    "category": "Electronics",
    "date": "2025-07-01T23:50:25.298691",
    "quantity_sold": 51,
    "revenue": 2890.53,
    "unit_price": 55.99,
    "store_id": "store_3"
  },
  {
    "product_id": 13,
    "product_name": "Product 13",
    "category": "Electronics",
    "date": "2025-07-02T23:50:25.298693",
    "quantity_sold": 53,
    "revenue": 3137.9,
    "unit_price": 55.99,
    "store_id": "store_1"
  },
  {
    "product_id": 13,
    "product_name": "Product 13",
    "category": "Electronics",
    "date": "2025-07-03T23:50:25.298694",
    "quantity_sold": 32,
    "revenue": 1705.96,
    "unit_price": 55.99,
    "store_id": "store_1"
  },
  {
    "product_id": 13,
    "product_name": "Product 13",
    "category": "Electronics",
    "date": "2025-07-04T23:50:25.298696",
    "quantity_sold": 53,
    "revenue": 3110.42,
    "unit_price": 55.99,
    "store_id": "store_2"
  },
  {
    "product_id": 13,
    "product_name": "Product 13",
    "category": "Electronics",
    "date": "2025-07-05T23:50:25.298698",
    "quantity_sold": 31,
    "revenue": 1706.42,
    "unit_price": 55.99,
    "store_id": "store_3"
  },
  {
    "product_id": 13,
    "product_name": "Product 13",
    "category": "Electronics",
    "date": "2025-07-06T23:50:25.298700",
    "quantity_sold": 32,
    "revenue": 1724.68,
    "unit_price": 55.99,
    "store_id": "store_2"
  },
  {
    "product_id": 13,
    "product_name": "Product 13",
    "category": "Electronics",
    "date": "2025-07-07T23:50:25.298702",
    "quantity_sold": 43,
    "revenue": 2494.79,
    "unit_price": 55.99,
    "store_id": "store_5"
  },
  {
    "product_id": 13,
    "product_name": "Product 13",
    "category": "Electronics",
    "date": "2025-07-08T23:50:25.298704",
    "quantity_sold": 56,
    "revenue": 3099.97,
    "unit_price": 55.99,
    "store_id": "store_2"
  },
  {
    "product_id": 13,
    "product_name": "Product 13",
    "category": "Electronics",
    "date": "2025-07-09T23:50:25.298706",
    "quantity_sold": 93,
    "revenue": 5627.88,
    "unit_price": 55.99,
    "store_id": "store_3"
  },
  {
    "product_id": 13,
    "product_name": "Product 13",
    "category": "Electronics",
    "date": "2025-07-10T23:50:25.298708",
    "quantity_sold": 32,
    "revenue": 1825.68,
    "unit_price": 55.99,
    "store_id": "store_5"
  },
  {
    "product_id": 13,
    "product_name": "Product 13",
    "category": "Electronics",
    "date": "2025-07-11T23:50:25.298710",
    "quantity_sold": 47,
    "revenue": 2666.42,
    "unit_price": 55.99,
    "store_id": "store_1"
  },
  {
    "product_id": 13,
    "product_name": "Product 13",
    "category": "Electronics",
    "date": "2025-07-12T23:50:25.298711",
    "quantity_sold": 60,
    "revenue": 3501.89,
    "unit_price": 55.99,
    "store_id": "store_5"
  },
  {
    "product_id": 14,
    "product_name": "Product 14",
    "category": "Clothing",
    "date": "2025-04-14T23:50:25.298714",
    "quantity_sold": 45,
    "revenue": 1304.37,
    "unit_price": 26.91,
    "store_id": "store_2"
  },
  {
    "product_id": 14,
    "product_name": "Product 14",
    "category": "Clothing",
    "date": "2025-04-15T23:50:25.298716",
    "quantity_sold": 68,
    "revenue": 1704.67,
    "unit_price": 26.91,
    "store_id": "store_5"
  },
  {
    "product_id": 14,
    "product_name": "Product 14",
    "category": "Clothing",
    "date": "2025-04-16T23:50:25.298718",
    "quantity_sold": 38,
    "revenue": 1057.42,
    "unit_price": 26.91,
    "store_id": "store_2"
  },
  {
    "product_id": 14,
    "product_name": "Product 14",
    "category": "Clothing",
    "date": "2025-04-17T23:50:25.298720",
    "quantity_sold": 67,
    "revenue": 1801.77,
    "unit_price": 26.91,
    "store_id": "store_1"
  },
  {
    "product_id": 14,
    "product_name": "Product 14",
    "category": "Clothing",
    "date": "2025-04-18T23:50:25.298723",
    "quantity_sold": 41,
    "revenue": 1197.15,
    "unit_price": 26.91,
    "store_id": "store_4"
  },
  {
    "product_id": 14,
    "product_name": "Product 14",
    "category": "Clothing",
    "date": "2025-04-19T23:50:25.298725",
    "quantity_sold": 24,
    "revenue": 650.73,
    "unit_price": 26.91,
    "store_id": "store_4"
  },
  {
    "product_id": 14,
    "product_name": "Product 14",
    "category": "Clothing",
    "date": "2025-04-20T23:50:25.298727",
    "quantity_sold": 29,
    "revenue": 820.56,
    "unit_price": 26.91,
    "store_id": "store_5"
  },
  {
    "product_id": 14,
    "product_name": "Product 14",
    "category": "Clothing",
    "date": "2025-04-21T23:50:25.298729",
    "quantity_sold": 53,
    "revenue": 1468.0,
    "unit_price": 26.91,
    "store_id": "store_3"
  },
  {
    "product_id": 14,
    "product_name": "Product 14",
    "category": "Clothing",
    "date": "2025-04-22T23:50:25.298731",
    "quantity_sold": 50,
    "revenue": 1355.69,
    "unit_price": 26.91,
    "store_id": "store_2"
  },
  {
    "product_id": 14,
    "product_name": "Product 14",
    "category": "Clothing",
    "date": "2025-04-23T23:50:25.298732",
    "quantity_sold": 53,
    "revenue": 1519.66,
    "unit_price": 26.91,
    "store_id": "store_3"
  },
  {
    "product_id": 14,
    "product_name": "Product 14",
    "category": "Clothing",
    "date": "2025-04-24T23:50:25.298734",
    "quantity_sold": 41,
    "revenue": 1069.26,
    "unit_price": 26.91,
    "store_id": "store_3"
  },
  {
    "product_id": 14,
    "product_name": "Product 14",
    "category": "Clothing",
    "date": "2025-04-25T23:50:25.298736",
    "quantity_sold": 60,
    "revenue": 1509.47,
    "unit_price": 26.91,
    "store_id": "store_4"
  },
  {
    "product_id": 14,
    "product_name": "Product 14",
    "category": "Clothing",
    "date": "2025-04-26T23:50:25.298738",
    "quantity_sold": 36,
    "revenue": 876.68,
    "unit_price": 26.91,
    "store_id": "store_2"
  },
  {
    "product_id": 14,
    "product_name": "Product 14",
    "category": "Clothing",
    "date": "2025-04-27T23:50:25.298740",
    "quantity_sold": 31,
    "revenue": 799.43,
    "unit_price": 26.91,
    "store_id": "store_1"
  },
  {
    "product_id": 14,
    "product_name": "Product 14",
    "category": "Clothing",
    "date": "2025-04-28T23:50:25.298742",
    "quantity_sold": 64,
    "revenue": 1672.12,
    "unit_price": 26.91,
    "store_id": "store_4"
  },
  {
    "product_id": 14,
    "product_name": "Product 14",
    "category": "Clothing",
    "date": "2025-04-29T23:50:25.298744",
    "quantity_sold": 39,
    "revenue": 962.57,
    "unit_price": 26.91,
    "store_id": "store_3"
  },
  {
    "product_id": 14,
    "product_name": "Product 14",
    "category": "Clothing",
    "date": "2025-04-30T23:50:25.298746",
    "quantity_sold": 67,
    "revenue": 1804.15,
    "unit_price": 26.91,
    "store_id": "store_1"
  },
  {
    "product_id": 14,
    "product_name": "Product 14",
    "category": "Clothing",
    "date": "2025-05-01T23:50:25.298747",
    "quantity_sold": 133,
    "revenue": 3247.29,
    "unit_price": 26.91,
    "store_id": "store_2"
  },
  {
    "product_id": 14,
    "product_name": "Product 14",
    "category": "Clothing",
    "date": "2025-05-02T23:50:25.298749",
    "quantity_sold": 47,
    "revenue": 1377.81,
    "unit_price": 26.91,
    "store_id": "store_1"
  },
  {
    "product_id": 14,
    "product_name": "Product 14",
    "category": "Clothing",
    "date": "2025-05-03T23:50:25.298751",
    "quantity_sold": 43,
    "revenue": 1077.26,
    "unit_price": 26.91,
    "store_id": "store_1"
  },
  {
    "product_id": 14,
    "product_name": "Product 14",
    "category": "Clothing",
    "date": "2025-05-04T23:50:25.298753",
    "quantity_sold": 45,
    "revenue": 1255.45,
    "unit_price": 26.91,
    "store_id": "store_2"
  },
  {
    "product_id": 14,
    "product_name": "Product 14",
    "category": "Clothing",
    "date": "2025-05-05T23:50:25.298755",
    "quantity_sold": 58,
    "revenue": 1597.92,
    "unit_price": 26.91,
    "store_id": "store_5"
  },
  {
    "product_id": 14,
    "product_name": "Product 14",
    "category": "Clothing",
    "date": "2025-05-06T23:50:25.298757",
    "quantity_sold": 73,
    "revenue": 2123.27,
    "unit_price": 26.91,
    "store_id": "store_4"
  },
  {
    "product_id": 14,
    "product_name": "Product 14",
    "category": "Clothing",
    "date": "2025-05-07T23:50:25.298759",
    "quantity_sold": 62,
    "revenue": 1553.6,
    "unit_price": 26.91,
    "store_id": "store_3"
  },
  {
    "product_id": 14,
    "product_name": "Product 14",
    "category": "Clothing",
    "date": "2025-05-08T23:50:25.298761",
    "quantity_sold": 59,
    "revenue": 1545.2,
    "unit_price": 26.91,
    "store_id": "store_2"
  },
  {
    "product_id": 14,
    "product_name": "Product 14",
    "category": "Clothing",
    "date": "2025-05-09T23:50:25.298763",
    "quantity_sold": 40,
    "revenue": 997.05,
    "unit_price": 26.91,
    "store_id": "store_4"
  },
  {
    "product_id": 14,
    "product_name": "Product 14",
    "category": "Clothing",
    "date": "2025-05-10T23:50:25.298765",
    "quantity_sold": 27,
    "revenue": 791.9,
    "unit_price": 26.91,
    "store_id": "store_2"
  },
  {
    "product_id": 14,
    "product_name": "Product 14",
    "category": "Clothing",
    "date": "2025-05-11T23:50:25.298767",
    "quantity_sold": 37,
    "revenue": 916.0,
    "unit_price": 26.91,
    "store_id": "store_4"
  },
  {
    "product_id": 14,
    "product_name": "Product 14",
    "category": "Clothing",
    "date": "2025-05-12T23:50:25.298769",
    "quantity_sold": 46,
    "revenue": 1337.91,
    "unit_price": 26.91,
    "store_id": "store_3"
  },
  {
    "product_id": 14,
    "product_name": "Product 14",
    "category": "Clothing",
    "date": "2025-05-13T23:50:25.298771",
    "quantity_sold": 40,
    "revenue": 1019.32,
    "unit_price": 26.91,
    "store_id": "store_3"
  },
  {
    "product_id": 14,
    "product_name": "Product 14",
    "category": "Clothing",
    "date": "2025-05-14T23:50:25.298772",
    "quantity_sold": 65,
    "revenue": 1903.39,
    "unit_price": 26.91,
    "store_id": "store_2"
  },
  {
    "product_id": 14,
    "product_name": "Product 14",
    "category": "Clothing",
    "date": "2025-05-15T23:50:25.298774",
    "quantity_sold": 61,
    "revenue": 1529.89,
    "unit_price": 26.91,
    "store_id": "store_4"
  },
  {
    "product_id": 14,
    "product_name": "Product 14",
    "category": "Clothing",
    "date": "2025-05-16T23:50:25.298776",
    "quantity_sold": 58,
    "revenue": 1446.57,
    "unit_price": 26.91,
    "store_id": "store_4"
  },
  {
    "product_id": 14,
    "product_name": "Product 14",
    "category": "Clothing",
    "date": "2025-05-17T23:50:25.298778",
    "quantity_sold": 24,
    "revenue": 636.78,
    "unit_price": 26.91,
    "store_id": "store_4"
  },
  {
    "product_id": 14,
    "product_name": "Product 14",
    "category": "Clothing",
    "date": "2025-05-18T23:50:25.298780",
    "quantity_sold": 33,
    "revenue": 831.03,
    "unit_price": 26.91,
    "store_id": "store_3"
  },
  {
    "product_id": 14,
    "product_name": "Product 14",
    "category": "Clothing",
    "date": "2025-05-19T23:50:25.298782",
    "quantity_sold": 40,
    "revenue": 1134.0,
    "unit_price": 26.91,
    "store_id": "store_5"
  },
  {
    "product_id": 14,
    "product_name": "Product 14",
    "category": "Clothing",
    "date": "2025-05-20T23:50:25.298784",
    "quantity_sold": 96,
    "revenue": 2451.87,
    "unit_price": 26.91,
    "store_id": "store_1"
  },
  {
    "product_id": 14,
    "product_name": "Product 14",
    "category": "Clothing",
    "date": "2025-05-21T23:50:25.298785",
    "quantity_sold": 72,
    "revenue": 1755.94,
    "unit_price": 26.91,
    "store_id": "store_5"
  },
  {
    "product_id": 14,
    "product_name": "Product 14",
    "category": "Clothing",
    "date": "2025-05-22T23:50:25.298787",
    "quantity_sold": 62,
    "revenue": 1716.39,
    "unit_price": 26.91,
    "store_id": "store_4"
  },
  {
    "product_id": 14,
    "product_name": "Product 14",
    "category": "Clothing",
    "date": "2025-05-23T23:50:25.298789",
    "quantity_sold": 65,
    "revenue": 1884.6,
    "unit_price": 26.91,
    "store_id": "store_4"
  },
  {
    "product_id": 14,
    "product_name": "Product 14",
    "category": "Clothing",
    "date": "2025-05-24T23:50:25.298791",
    "quantity_sold": 35,
    "revenue": 987.74,
    "unit_price": 26.91,
    "store_id": "store_4"
  },
  {
    "product_id": 14,
    "product_name": "Product 14",
    "category": "Clothing",
    "date": "2025-05-25T23:50:25.298793",
    "quantity_sold": 35,
    "revenue": 1020.04,
    "unit_price": 26.91,
    "store_id": "store_1"
  },
  {
    "product_id": 14,
    "product_name": "Product 14",
    "category": "Clothing",
    "date": "2025-05-26T23:50:25.298795",
    "quantity_sold": 60,
    "revenue": 1670.09,
    "unit_price": 26.91,
    "store_id": "store_3"
  },
  {
    "product_id": 14,
    "product_name": "Product 14",
    "category": "Clothing",
    "date": "2025-05-27T23:50:25.298797",
    "quantity_sold": 42,
    "revenue": 1200.87,
    "unit_price": 26.91,
    "store_id": "store_4"
  },
  {
    "product_id": 14,
    "product_name": "Product 14",
    "category": "Clothing",
    "date": "2025-05-28T23:50:25.298798",
    "quantity_sold": 49,
    "revenue": 1403.7,
    "unit_price": 26.91,
    "store_id": "store_5"
  },
  {
    "product_id": 14,
    "product_name": "Product 14",
    "category": "Clothing",
    "date": "2025-05-29T23:50:25.298801",
    "quantity_sold": 70,
    "revenue": 2044.98,
    "unit_price": 26.91,
    "store_id": "store_4"
  },
  {
    "product_id": 14,
    "product_name": "Product 14",
    "category": "Clothing",
    "date": "2025-05-30T23:50:25.298802",
    "quantity_sold": 73,
    "revenue": 2107.75,
    "unit_price": 26.91,
    "store_id": "store_1"
  },
  {
    "product_id": 14,
    "product_name": "Product 14",
    "category": "Clothing",
    "date": "2025-05-31T23:50:25.298804",
    "quantity_sold": 45,
    "revenue": 1281.0,
    "unit_price": 26.91,
    "store_id": "store_2"
  },
  {
    "product_id": 14,
    "product_name": "Product 14",
    "category": "Clothing",
    "date": "2025-06-01T23:50:25.298806",
    "quantity_sold": 28,
    "revenue": 800.1,
    "unit_price": 26.91,
    "store_id": "store_1"
  },
  {
    "product_id": 14,
    "product_name": "Product 14",
    "category": "Clothing",
    "date": "2025-06-02T23:50:25.298808",
    "quantity_sold": 63,
    "revenue": 1822.53,
    "unit_price": 26.91,
    "store_id": "store_2"
  },
  {
    "product_id": 14,
    "product_name": "Product 14",
    "category": "Clothing",
    "date": "2025-06-03T23:50:25.298810",
    "quantity_sold": 44,
    "revenue": 1131.27,
    "unit_price": 26.91,
    "store_id": "store_3"
  },
  {
    "product_id": 14,
    "product_name": "Product 14",
    "category": "Clothing",
    "date": "2025-06-04T23:50:25.298812",
    "quantity_sold": 67,
    "revenue": 1790.39,
    "unit_price": 26.91,
    "store_id": "store_2"
  },
  {
    "product_id": 14,
    "product_name": "Product 14",
    "category": "Clothing",
    "date": "2025-06-05T23:50:25.298814",
    "quantity_sold": 40,
    "revenue": 1088.14,
    "unit_price": 26.91,
    "store_id": "store_2"
  },
  {
    "product_id": 14,
    "product_name": "Product 14",
    "category": "Clothing",
    "date": "2025-06-06T23:50:25.298816",
    "quantity_sold": 68,
    "revenue": 1683.28,
    "unit_price": 26.91,
    "store_id": "store_4"
  },
  {
    "product_id": 14,
    "product_name": "Product 14",
    "category": "Clothing",
    "date": "2025-06-07T23:50:25.298817",
    "quantity_sold": 24,
    "revenue": 682.84,
    "unit_price": 26.91,
    "store_id": "store_4"
  },
  {
    "product_id": 14,
    "product_name": "Product 14",
    "category": "Clothing",
    "date": "2025-06-08T23:50:25.298819",
    "quantity_sold": 35,
    "revenue": 973.41,
    "unit_price": 26.91,
    "store_id": "store_4"
  },
  {
    "product_id": 14,
    "product_name": "Product 14",
    "category": "Clothing",
    "date": "2025-06-09T23:50:25.298821",
    "quantity_sold": 63,
    "revenue": 1832.34,
    "unit_price": 26.91,
    "store_id": "store_2"
  },
  {
    "product_id": 14,
    "product_name": "Product 14",
    "category": "Clothing",
    "date": "2025-06-10T23:50:25.298823",
    "quantity_sold": 63,
    "revenue": 1589.59,
    "unit_price": 26.91,
    "store_id": "store_5"
  },
  {
    "product_id": 14,
    "product_name": "Product 14",
    "category": "Clothing",
    "date": "2025-06-11T23:50:25.298825",
    "quantity_sold": 68,
    "revenue": 1982.37,
    "unit_price": 26.91,
    "store_id": "store_4"
  },
  {
    "product_id": 14,
    "product_name": "Product 14",
    "category": "Clothing",
    "date": "2025-06-12T23:50:25.298827",
    "quantity_sold": 62,
    "revenue": 1560.46,
    "unit_price": 26.91,
    "store_id": "store_5"
  },
  {
    "product_id": 14,
    "product_name": "Product 14",
    "category": "Clothing",
    "date": "2025-06-13T23:50:25.298829",
    "quantity_sold": 57,
    "revenue": 1538.03,
    "unit_price": 26.91,
    "store_id": "store_5"
  },
  {
    "product_id": 14,
    "product_name": "Product 14",
    "category": "Clothing",
    "date": "2025-06-14T23:50:25.298831",
    "quantity_sold": 35,
    "revenue": 875.4,
    "unit_price": 26.91,
    "store_id": "store_1"
  },
  {
    "product_id": 14,
    "product_name": "Product 14",
    "category": "Clothing",
    "date": "2025-06-15T23:50:25.298833",
    "quantity_sold": 45,
    "revenue": 1197.56,
    "unit_price": 26.91,
    "store_id": "store_1"
  },
  {
    "product_id": 14,
    "product_name": "Product 14",
    "category": "Clothing",
    "date": "2025-06-16T23:50:25.298835",
    "quantity_sold": 57,
    "revenue": 1642.38,
    "unit_price": 26.91,
    "store_id": "store_3"
  },
  {
    "product_id": 14,
    "product_name": "Product 14",
    "category": "Clothing",
    "date": "2025-06-17T23:50:25.298837",
    "quantity_sold": 66,
    "revenue": 1868.8,
    "unit_price": 26.91,
    "store_id": "store_4"
  },
  {
    "product_id": 14,
    "product_name": "Product 14",
    "category": "Clothing",
    "date": "2025-06-18T23:50:25.298838",
    "quantity_sold": 42,
    "revenue": 1203.12,
    "unit_price": 26.91,
    "store_id": "store_3"
  },
  {
    "product_id": 14,
    "product_name": "Product 14",
    "category": "Clothing",
    "date": "2025-06-19T23:50:25.298841",
    "quantity_sold": 63,
    "revenue": 1817.75,
    "unit_price": 26.91,
    "store_id": "store_4"
  },
  {
    "product_id": 14,
    "product_name": "Product 14",
    "category": "Clothing",
    "date": "2025-06-20T23:50:25.298843",
    "quantity_sold": 43,
    "revenue": 1132.09,
    "unit_price": 26.91,
    "store_id": "store_1"
  },
  {
    "product_id": 14,
    "product_name": "Product 14",
    "category": "Clothing",
    "date": "2025-06-21T23:50:25.298845",
    "quantity_sold": 36,
    "revenue": 1005.29,
    "unit_price": 26.91,
    "store_id": "store_2"
  },
  {
    "product_id": 14,
    "product_name": "Product 14",
    "category": "Clothing",
    "date": "2025-06-22T23:50:25.298847",
    "quantity_sold": 33,
    "revenue": 849.43,
    "unit_price": 26.91,
    "store_id": "store_2"
  },
  {
    "product_id": 14,
    "product_name": "Product 14",
    "category": "Clothing",
    "date": "2025-06-23T23:50:25.298849",
    "quantity_sold": 56,
    "revenue": 1458.32,
    "unit_price": 26.91,
    "store_id": "store_2"
  },
  {
    "product_id": 14,
    "product_name": "Product 14",
    "category": "Clothing",
    "date": "2025-06-24T23:50:25.298850",
    "quantity_sold": 116,
    "revenue": 3071.21,
    "unit_price": 26.91,
    "store_id": "store_4"
  },
  {
    "product_id": 14,
    "product_name": "Product 14",
    "category": "Clothing",
    "date": "2025-06-25T23:50:25.298852",
    "quantity_sold": 49,
    "revenue": 1276.75,
    "unit_price": 26.91,
    "store_id": "store_3"
  },
  {
    "product_id": 14,
    "product_name": "Product 14",
    "category": "Clothing",
    "date": "2025-06-26T23:50:25.298854",
    "quantity_sold": 45,
    "revenue": 1145.89,
    "unit_price": 26.91,
    "store_id": "store_4"
  },
  {
    "product_id": 14,
    "product_name": "Product 14",
    "category": "Clothing",
    "date": "2025-06-27T23:50:25.298856",
    "quantity_sold": 98,
    "revenue": 2483.17,
    "unit_price": 26.91,
    "store_id": "store_2"
  },
  {
    "product_id": 14,
    "product_name": "Product 14",
    "category": "Clothing",
    "date": "2025-06-28T23:50:25.298858",
    "quantity_sold": 31,
    "revenue": 817.55,
    "unit_price": 26.91,
    "store_id": "store_1"
  },
  {
    "product_id": 14,
    "product_name": "Product 14",
    "category": "Clothing",
    "date": "2025-06-29T23:50:25.298860",
    "quantity_sold": 47,
    "revenue": 1278.54,
    "unit_price": 26.91,
    "store_id": "store_3"
  },
  {
    "product_id": 14,
    "product_name": "Product 14",
    "category": "Clothing",
    "date": "2025-06-30T23:50:25.298862",
    "quantity_sold": 56,
    "revenue": 1489.69,
    "unit_price": 26.91,
    "store_id": "store_4"
  },
  {
    "product_id": 14,
    "product_name": "Product 14",
    "category": "Clothing",
    "date": "2025-07-01T23:50:25.298864",
    "quantity_sold": 75,
    "revenue": 2046.81,
    "unit_price": 26.91,
    "store_id": "store_5"
  },
  {
    "product_id": 14,
    "product_name": "Product 14",
    "category": "Clothing",
    "date": "2025-07-02T23:50:25.298866",
    "quantity_sold": 58,
    "revenue": 1679.56,
    "unit_price": 26.91,
    "store_id": "store_5"
  },
  {
    "product_id": 14,
    "product_name": "Product 14",
    "category": "Clothing",
    "date": "2025-07-03T23:50:25.298867",
    "quantity_sold": 41,
    "revenue": 1195.96,
    "unit_price": 26.91,
    "store_id": "store_4"
  },
  {
    "product_id": 14,
    "product_name": "Product 14",
    "category": "Clothing",
    "date": "2025-07-04T23:50:25.298869",
    "quantity_sold": 63,
    "revenue": 1576.51,
    "unit_price": 26.91,
    "store_id": "store_4"
  },
  {
    "product_id": 14,
    "product_name": "Product 14",
    "category": "Clothing",
    "date": "2025-07-05T23:50:25.298871",
    "quantity_sold": 37,
    "revenue": 900.4,
    "unit_price": 26.91,
    "store_id": "store_1"
  },
  {
    "product_id": 14,
    "product_name": "Product 14",
    "category": "Clothing",
    "date": "2025-07-06T23:50:25.298873",
    "quantity_sold": 26,
    "revenue": 755.1,
    "unit_price": 26.91,
    "store_id": "store_4"
  },
  {
    "product_id": 14,
    "product_name": "Product 14",
    "category": "Clothing",
    "date": "2025-07-07T23:50:25.298875",
    "quantity_sold": 45,
    "revenue": 1109.09,
    "unit_price": 26.91,
    "store_id": "store_3"
  },
  {
    "product_id": 14,
    "product_name": "Product 14",
    "category": "Clothing",
    "date": "2025-07-08T23:50:25.298877",
    "quantity_sold": 47,
    "revenue": 1313.08,
    "unit_price": 26.91,
    "store_id": "store_5"
  },
  {
    "product_id": 14,
    "product_name": "Product 14",
    "category": "Clothing",
    "date": "2025-07-09T23:50:25.298879",
    "quantity_sold": 57,
    "revenue": 1618.82,
    "unit_price": 26.91,
    "store_id": "store_4"
  },
  {
    "product_id": 14,
    "product_name": "Product 14",
    "category": "Clothing",
    "date": "2025-07-10T23:50:25.298881",
    "quantity_sold": 61,
    "revenue": 1636.83,
    "unit_price": 26.91,
    "store_id": "store_3"
  },
  {
    "product_id": 14,
    "product_name": "Product 14",
    "category": "Clothing",
    "date": "2025-07-11T23:50:25.298883",
    "quantity_sold": 42,
    "revenue": 1139.67,
    "unit_price": 26.91,
    "store_id": "store_1"
  },
  {
    "product_id": 14,
    "product_name": "Product 14",
    "category": "Clothing",
    "date": "2025-07-12T23:50:25.298885",
    "quantity_sold": 39,
    "revenue": 1104.49,
    "unit_price": 26.91,
    "store_id": "store_4"
  },
  {
    "product_id": 15,
    "product_name": "Product 15",
    "category": "Home & Garden",
    "date": "2025-04-14T23:50:25.298887",
    "quantity_sold": 55,
    "revenue": 2422.27,
    "unit_price": 42.07,
    "store_id": "store_2"
  },
  {
    "product_id": 15,
    "product_name": "Product 15",
    "category": "Home & Garden",
    "date": "2025-04-15T23:50:25.298889",
    "quantity_sold": 51,
    "revenue": 2105.87,
    "unit_price": 42.07,
    "store_id": "store_5"
  },
  {
    "product_id": 15,
    "product_name": "Product 15",
    "category": "Home & Garden",
    "date": "2025-04-16T23:50:25.298891",
    "quantity_sold": 54,
    "revenue": 2426.54,
    "unit_price": 42.07,
    "store_id": "store_1"
  },
  {
    "product_id": 15,
    "product_name": "Product 15",
    "category": "Home & Garden",
    "date": "2025-04-17T23:50:25.298893",
    "quantity_sold": 41,
    "revenue": 1817.09,
    "unit_price": 42.07,
    "store_id": "store_4"
  },
  {
    "product_id": 15,
    "product_name": "Product 15",
    "category": "Home & Garden",
    "date": "2025-04-18T23:50:25.298895",
    "quantity_sold": 44,
    "revenue": 1742.65,
    "unit_price": 42.07,
    "store_id": "store_2"
  },
  {
    "product_id": 15,
    "product_name": "Product 15",
    "category": "Home & Garden",
    "date": "2025-04-19T23:50:25.298897",
    "quantity_sold": 39,
    "revenue": 1762.58,
    "unit_price": 42.07,
    "store_id": "store_2"
  },
  {
    "product_id": 15,
    "product_name": "Product 15",
    "category": "Home & Garden",
    "date": "2025-04-20T23:50:25.298899",
    "quantity_sold": 23,
    "revenue": 889.35,
    "unit_price": 42.07,
    "store_id": "store_3"
  },
  {
    "product_id": 15,
    "product_name": "Product 15",
    "category": "Home & Garden",
    "date": "2025-04-21T23:50:25.298901",
    "quantity_sold": 61,
    "revenue": 2595.44,
    "unit_price": 42.07,
    "store_id": "store_4"
  },
  {
    "product_id": 15,
    "product_name": "Product 15",
    "category": "Home & Garden",
    "date": "2025-04-22T23:50:25.298903",
    "quantity_sold": 63,
    "revenue": 2614.39,
    "unit_price": 42.07,
    "store_id": "store_1"
  },
  {
    "product_id": 15,
    "product_name": "Product 15",
    "category": "Home & Garden",
    "date": "2025-04-23T23:50:25.298904",
    "quantity_sold": 45,
    "revenue": 1874.92,
    "unit_price": 42.07,
    "store_id": "store_3"
  },
  {
    "product_id": 15,
    "product_name": "Product 15",
    "category": "Home & Garden",
    "date": "2025-04-24T23:50:25.298906",
    "quantity_sold": 54,
    "revenue": 2051.98,
    "unit_price": 42.07,
    "store_id": "store_2"
  },
  {
    "product_id": 15,
    "product_name": "Product 15",
    "category": "Home & Garden",
    "date": "2025-04-25T23:50:25.298908",
    "quantity_sold": 49,
    "revenue": 1988.04,
    "unit_price": 42.07,
    "store_id": "store_2"
  },
  {
    "product_id": 15,
    "product_name": "Product 15",
    "category": "Home & Garden",
    "date": "2025-04-26T23:50:25.298909",
    "quantity_sold": 27,
    "revenue": 1229.95,
    "unit_price": 42.07,
    "store_id": "store_4"
  },
  {
    "product_id": 15,
    "product_name": "Product 15",
    "category": "Home & Garden",
    "date": "2025-04-27T23:50:25.298911",
    "quantity_sold": 36,
    "revenue": 1527.95,
    "unit_price": 42.07,
    "store_id": "store_3"
  },
  {
    "product_id": 15,
    "product_name": "Product 15",
    "category": "Home & Garden",
    "date": "2025-04-28T23:50:25.298913",
    "quantity_sold": 57,
    "revenue": 2214.95,
    "unit_price": 42.07,
    "store_id": "store_5"
  },
  {
    "product_id": 15,
    "product_name": "Product 15",
    "category": "Home & Garden",
    "date": "2025-04-29T23:50:25.298915",
    "quantity_sold": 70,
    "revenue": 3041.17,
    "unit_price": 42.07,
    "store_id": "store_5"
  },
  {
    "product_id": 15,
    "product_name": "Product 15",
    "category": "Home & Garden",
    "date": "2025-04-30T23:50:25.298916",
    "quantity_sold": 65,
    "revenue": 2527.99,
    "unit_price": 42.07,
    "store_id": "store_1"
  },
  {
    "product_id": 15,
    "product_name": "Product 15",
    "category": "Home & Garden",
    "date": "2025-05-01T23:50:25.298918",
    "quantity_sold": 54,
    "revenue": 2338.55,
    "unit_price": 42.07,
    "store_id": "store_2"
  },
  {
    "product_id": 15,
    "product_name": "Product 15",
    "category": "Home & Garden",
    "date": "2025-05-02T23:50:25.298920",
    "quantity_sold": 42,
    "revenue": 1803.32,
    "unit_price": 42.07,
    "store_id": "store_2"
  },
  {
    "product_id": 15,
    "product_name": "Product 15",
    "category": "Home & Garden",
    "date": "2025-05-03T23:50:25.298922",
    "quantity_sold": 36,
    "revenue": 1604.77,
    "unit_price": 42.07,
    "store_id": "store_4"
  },
  {
    "product_id": 15,
    "product_name": "Product 15",
    "category": "Home & Garden",
    "date": "2025-05-04T23:50:25.298923",
    "quantity_sold": 41,
    "revenue": 1569.98,
    "unit_price": 42.07,
    "store_id": "store_2"
  },
  {
    "product_id": 15,
    "product_name": "Product 15",
    "category": "Home & Garden",
    "date": "2025-05-05T23:50:25.298925",
    "quantity_sold": 67,
    "revenue": 2877.86,
    "unit_price": 42.07,
    "store_id": "store_4"
  },
  {
    "product_id": 15,
    "product_name": "Product 15",
    "category": "Home & Garden",
    "date": "2025-05-06T23:50:25.298927",
    "quantity_sold": 43,
    "revenue": 1870.04,
    "unit_price": 42.07,
    "store_id": "store_1"
  },
  {
    "product_id": 15,
    "product_name": "Product 15",
    "category": "Home & Garden",
    "date": "2025-05-07T23:50:25.298928",
    "quantity_sold": 74,
    "revenue": 3118.88,
    "unit_price": 42.07,
    "store_id": "store_4"
  },
  {
    "product_id": 15,
    "product_name": "Product 15",
    "category": "Home & Garden",
    "date": "2025-05-08T23:50:25.298930",
    "quantity_sold": 43,
    "revenue": 1973.86,
    "unit_price": 42.07,
    "store_id": "store_3"
  },
  {
    "product_id": 15,
    "product_name": "Product 15",
    "category": "Home & Garden",
    "date": "2025-05-09T23:50:25.298932",
    "quantity_sold": 69,
    "revenue": 2816.76,
    "unit_price": 42.07,
    "store_id": "store_4"
  },
  {
    "product_id": 15,
    "product_name": "Product 15",
    "category": "Home & Garden",
    "date": "2025-05-10T23:50:25.298934",
    "quantity_sold": 34,
    "revenue": 1544.96,
    "unit_price": 42.07,
    "store_id": "store_5"
  },
  {
    "product_id": 15,
    "product_name": "Product 15",
    "category": "Home & Garden",
    "date": "2025-05-11T23:50:25.298936",
    "quantity_sold": 28,
    "revenue": 1109.71,
    "unit_price": 42.07,
    "store_id": "store_5"
  },
  {
    "product_id": 15,
    "product_name": "Product 15",
    "category": "Home & Garden",
    "date": "2025-05-12T23:50:25.298937",
    "quantity_sold": 52,
    "revenue": 2002.26,
    "unit_price": 42.07,
    "store_id": "store_4"
  },
  {
    "product_id": 15,
    "product_name": "Product 15",
    "category": "Home & Garden",
    "date": "2025-05-13T23:50:25.298939",
    "quantity_sold": 58,
    "revenue": 2622.8,
    "unit_price": 42.07,
    "store_id": "store_3"
  },
  {
    "product_id": 15,
    "product_name": "Product 15",
    "category": "Home & Garden",
    "date": "2025-05-14T23:50:25.298941",
    "quantity_sold": 76,
    "revenue": 3356.04,
    "unit_price": 42.07,
    "store_id": "store_2"
  },
  {
    "product_id": 15,
    "product_name": "Product 15",
    "category": "Home & Garden",
    "date": "2025-05-15T23:50:25.298943",
    "quantity_sold": 52,
    "revenue": 2160.64,
    "unit_price": 42.07,
    "store_id": "store_2"
  },
  {
    "product_id": 15,
    "product_name": "Product 15",
    "category": "Home & Garden",
    "date": "2025-05-16T23:50:25.298945",
    "quantity_sold": 70,
    "revenue": 2882.15,
    "unit_price": 42.07,
    "store_id": "store_3"
  },
  {
    "product_id": 15,
    "product_name": "Product 15",
    "category": "Home & Garden",
    "date": "2025-05-17T23:50:25.298946",
    "quantity_sold": 36,
    "revenue": 1568.51,
    "unit_price": 42.07,
    "store_id": "store_2"
  },
  {
    "product_id": 15,
    "product_name": "Product 15",
    "category": "Home & Garden",
    "date": "2025-05-18T23:50:25.298948",
    "quantity_sold": 47,
    "revenue": 1814.16,
    "unit_price": 42.07,
    "store_id": "store_1"
  },
  {
    "product_id": 15,
    "product_name": "Product 15",
    "category": "Home & Garden",
    "date": "2025-05-19T23:50:25.298950",
    "quantity_sold": 133,
    "revenue": 5536.82,
    "unit_price": 42.07,
    "store_id": "store_1"
  },
  {
    "product_id": 15,
    "product_name": "Product 15",
    "category": "Home & Garden",
    "date": "2025-05-20T23:50:25.298952",
    "quantity_sold": 57,
    "revenue": 2554.36,
    "unit_price": 42.07,
    "store_id": "store_4"
  },
  {
    "product_id": 15,
    "product_name": "Product 15",
    "category": "Home & Garden",
    "date": "2025-05-21T23:50:25.298953",
    "quantity_sold": 72,
    "revenue": 2733.07,
    "unit_price": 42.07,
    "store_id": "store_1"
  },
  {
    "product_id": 15,
    "product_name": "Product 15",
    "category": "Home & Garden",
    "date": "2025-05-22T23:50:25.298955",
    "quantity_sold": 39,
    "revenue": 1577.99,
    "unit_price": 42.07,
    "store_id": "store_1"
  },
  {
    "product_id": 15,
    "product_name": "Product 15",
    "category": "Home & Garden",
    "date": "2025-05-23T23:50:25.298957",
    "quantity_sold": 57,
    "revenue": 2263.37,
    "unit_price": 42.07,
    "store_id": "store_4"
  },
  {
    "product_id": 15,
    "product_name": "Product 15",
    "category": "Home & Garden",
    "date": "2025-05-24T23:50:25.298958",
    "quantity_sold": 24,
    "revenue": 1080.27,
    "unit_price": 42.07,
    "store_id": "store_4"
  },
  {
    "product_id": 15,
    "product_name": "Product 15",
    "category": "Home & Garden",
    "date": "2025-05-25T23:50:25.298961",
    "quantity_sold": 27,
    "revenue": 1238.88,
    "unit_price": 42.07,
    "store_id": "store_5"
  },
  {
    "product_id": 15,
    "product_name": "Product 15",
    "category": "Home & Garden",
    "date": "2025-05-26T23:50:25.298964",
    "quantity_sold": 66,
    "revenue": 2728.72,
    "unit_price": 42.07,
    "store_id": "store_1"
  },
  {
    "product_id": 15,
    "product_name": "Product 15",
    "category": "Home & Garden",
    "date": "2025-05-27T23:50:25.298966",
    "quantity_sold": 48,
    "revenue": 1991.71,
    "unit_price": 42.07,
    "store_id": "store_3"
  },
  {
    "product_id": 15,
    "product_name": "Product 15",
    "category": "Home & Garden",
    "date": "2025-05-28T23:50:25.298968",
    "quantity_sold": 49,
    "revenue": 1969.11,
    "unit_price": 42.07,
    "store_id": "store_4"
  },
  {
    "product_id": 15,
    "product_name": "Product 15",
    "category": "Home & Garden",
    "date": "2025-05-29T23:50:25.298969",
    "quantity_sold": 62,
    "revenue": 2407.19,
    "unit_price": 42.07,
    "store_id": "store_1"
  },
  {
    "product_id": 15,
    "product_name": "Product 15",
    "category": "Home & Garden",
    "date": "2025-05-30T23:50:25.298971",
    "quantity_sold": 62,
    "revenue": 2451.1,
    "unit_price": 42.07,
    "store_id": "store_5"
  },
  {
    "product_id": 15,
    "product_name": "Product 15",
    "category": "Home & Garden",
    "date": "2025-05-31T23:50:25.298973",
    "quantity_sold": 24,
    "revenue": 999.6,
    "unit_price": 42.07,
    "store_id": "store_3"
  },
  {
    "product_id": 15,
    "product_name": "Product 15",
    "category": "Home & Garden",
    "date": "2025-06-01T23:50:25.298975",
    "quantity_sold": 88,
    "revenue": 3450.41,
    "unit_price": 42.07,
    "store_id": "store_1"
  },
  {
    "product_id": 15,
    "product_name": "Product 15",
    "category": "Home & Garden",
    "date": "2025-06-02T23:50:25.298976",
    "quantity_sold": 48,
    "revenue": 1843.74,
    "unit_price": 42.07,
    "store_id": "store_2"
  },
  {
    "product_id": 15,
    "product_name": "Product 15",
    "category": "Home & Garden",
    "date": "2025-06-03T23:50:25.298978",
    "quantity_sold": 55,
    "revenue": 2192.76,
    "unit_price": 42.07,
    "store_id": "store_1"
  },
  {
    "product_id": 15,
    "product_name": "Product 15",
    "category": "Home & Garden",
    "date": "2025-06-04T23:50:25.298980",
    "quantity_sold": 67,
    "revenue": 2945.76,
    "unit_price": 42.07,
    "store_id": "store_5"
  },
  {
    "product_id": 15,
    "product_name": "Product 15",
    "category": "Home & Garden",
    "date": "2025-06-05T23:50:25.298982",
    "quantity_sold": 78,
    "revenue": 3337.24,
    "unit_price": 42.07,
    "store_id": "store_3"
  },
  {
    "product_id": 15,
    "product_name": "Product 15",
    "category": "Home & Garden",
    "date": "2025-06-06T23:50:25.298984",
    "quantity_sold": 78,
    "revenue": 3224.2,
    "unit_price": 42.07,
    "store_id": "store_5"
  },
  {
    "product_id": 15,
    "product_name": "Product 15",
    "category": "Home & Garden",
    "date": "2025-06-07T23:50:25.298986",
    "quantity_sold": 34,
    "revenue": 1438.11,
    "unit_price": 42.07,
    "store_id": "store_2"
  },
  {
    "product_id": 15,
    "product_name": "Product 15",
    "category": "Home & Garden",
    "date": "2025-06-08T23:50:25.298988",
    "quantity_sold": 43,
    "revenue": 1968.31,
    "unit_price": 42.07,
    "store_id": "store_4"
  },
  {
    "product_id": 15,
    "product_name": "Product 15",
    "category": "Home & Garden",
    "date": "2025-06-09T23:50:25.298990",
    "quantity_sold": 48,
    "revenue": 2205.5,
    "unit_price": 42.07,
    "store_id": "store_4"
  },
  {
    "product_id": 15,
    "product_name": "Product 15",
    "category": "Home & Garden",
    "date": "2025-06-10T23:50:25.298992",
    "quantity_sold": 65,
    "revenue": 2571.73,
    "unit_price": 42.07,
    "store_id": "store_1"
  },
  {
    "product_id": 15,
    "product_name": "Product 15",
    "category": "Home & Garden",
    "date": "2025-06-11T23:50:25.298994",
    "quantity_sold": 156,
    "revenue": 6755.98,
    "unit_price": 42.07,
    "store_id": "store_3"
  },
  {
    "product_id": 15,
    "product_name": "Product 15",
    "category": "Home & Garden",
    "date": "2025-06-12T23:50:25.298996",
    "quantity_sold": 51,
    "revenue": 2092.53,
    "unit_price": 42.07,
    "store_id": "store_3"
  },
  {
    "product_id": 15,
    "product_name": "Product 15",
    "category": "Home & Garden",
    "date": "2025-06-13T23:50:25.298997",
    "quantity_sold": 57,
    "revenue": 2165.63,
    "unit_price": 42.07,
    "store_id": "store_3"
  },
  {
    "product_id": 15,
    "product_name": "Product 15",
    "category": "Home & Garden",
    "date": "2025-06-14T23:50:25.298999",
    "quantity_sold": 37,
    "revenue": 1702.38,
    "unit_price": 42.07,
    "store_id": "store_5"
  },
  {
    "product_id": 15,
    "product_name": "Product 15",
    "category": "Home & Garden",
    "date": "2025-06-15T23:50:25.299001",
    "quantity_sold": 28,
    "revenue": 1215.66,
    "unit_price": 42.07,
    "store_id": "store_1"
  },
  {
    "product_id": 15,
    "product_name": "Product 15",
    "category": "Home & Garden",
    "date": "2025-06-16T23:50:25.299003",
    "quantity_sold": 41,
    "revenue": 1770.5,
    "unit_price": 42.07,
    "store_id": "store_4"
  },
  {
    "product_id": 15,
    "product_name": "Product 15",
    "category": "Home & Garden",
    "date": "2025-06-17T23:50:25.299004",
    "quantity_sold": 77,
    "revenue": 3257.18,
    "unit_price": 42.07,
    "store_id": "store_4"
  },
  {
    "product_id": 15,
    "product_name": "Product 15",
    "category": "Home & Garden",
    "date": "2025-06-18T23:50:25.299006",
    "quantity_sold": 58,
    "revenue": 2210.27,
    "unit_price": 42.07,
    "store_id": "store_1"
  },
  {
    "product_id": 15,
    "product_name": "Product 15",
    "category": "Home & Garden",
    "date": "2025-06-19T23:50:25.299008",
    "quantity_sold": 77,
    "revenue": 3023.88,
    "unit_price": 42.07,
    "store_id": "store_1"
  },
  {
    "product_id": 15,
    "product_name": "Product 15",
    "category": "Home & Garden",
    "date": "2025-06-20T23:50:25.299009",
    "quantity_sold": 79,
    "revenue": 3209.68,
    "unit_price": 42.07,
    "store_id": "store_5"
  },
  {
    "product_id": 15,
    "product_name": "Product 15",
    "category": "Home & Garden",
    "date": "2025-06-21T23:50:25.299011",
    "quantity_sold": 32,
    "revenue": 1236.46,
    "unit_price": 42.07,
    "store_id": "store_5"
  },
  {
    "product_id": 15,
    "product_name": "Product 15",
    "category": "Home & Garden",
    "date": "2025-06-22T23:50:25.299013",
    "quantity_sold": 38,
    "revenue": 1482.84,
    "unit_price": 42.07,
    "store_id": "store_1"
  },
  {
    "product_id": 15,
    "product_name": "Product 15",
    "category": "Home & Garden",
    "date": "2025-06-23T23:50:25.299015",
    "quantity_sold": 62,
    "revenue": 2736.73,
    "unit_price": 42.07,
    "store_id": "store_5"
  },
  {
    "product_id": 15,
    "product_name": "Product 15",
    "category": "Home & Garden",
    "date": "2025-06-24T23:50:25.299016",
    "quantity_sold": 130,
    "revenue": 5672.01,
    "unit_price": 42.07,
    "store_id": "store_5"
  },
  {
    "product_id": 15,
    "product_name": "Product 15",
    "category": "Home & Garden",
    "date": "2025-06-25T23:50:25.299018",
    "quantity_sold": 63,
    "revenue": 2456.92,
    "unit_price": 42.07,
    "store_id": "store_2"
  },
  {
    "product_id": 15,
    "product_name": "Product 15",
    "category": "Home & Garden",
    "date": "2025-06-26T23:50:25.299020",
    "quantity_sold": 45,
    "revenue": 2032.03,
    "unit_price": 42.07,
    "store_id": "store_1"
  },
  {
    "product_id": 15,
    "product_name": "Product 15",
    "category": "Home & Garden",
    "date": "2025-06-27T23:50:25.299022",
    "quantity_sold": 53,
    "revenue": 2125.8,
    "unit_price": 42.07,
    "store_id": "store_2"
  },
  {
    "product_id": 15,
    "product_name": "Product 15",
    "category": "Home & Garden",
    "date": "2025-06-28T23:50:25.299023",
    "quantity_sold": 48,
    "revenue": 2089.43,
    "unit_price": 42.07,
    "store_id": "store_5"
  },
  {
    "product_id": 15,
    "product_name": "Product 15",
    "category": "Home & Garden",
    "date": "2025-06-29T23:50:25.299025",
    "quantity_sold": 45,
    "revenue": 1771.16,
    "unit_price": 42.07,
    "store_id": "store_4"
  },
  {
    "product_id": 15,
    "product_name": "Product 15",
    "category": "Home & Garden",
    "date": "2025-06-30T23:50:25.299027",
    "quantity_sold": 55,
    "revenue": 2236.46,
    "unit_price": 42.07,
    "store_id": "store_4"
  },
  {
    "product_id": 15,
    "product_name": "Product 15",
    "category": "Home & Garden",
    "date": "2025-07-01T23:50:25.299029",
    "quantity_sold": 58,
    "revenue": 2289.42,
    "unit_price": 42.07,
    "store_id": "store_2"
  },
  {
    "product_id": 15,
    "product_name": "Product 15",
    "category": "Home & Garden",
    "date": "2025-07-02T23:50:25.299030",
    "quantity_sold": 56,
    "revenue": 2153.92,
    "unit_price": 42.07,
    "store_id": "store_3"
  },
  {
    "product_id": 15,
    "product_name": "Product 15",
    "category": "Home & Garden",
    "date": "2025-07-03T23:50:25.299032",
    "quantity_sold": 72,
    "revenue": 3026.06,
    "unit_price": 42.07,
    "store_id": "store_2"
  },
  {
    "product_id": 15,
    "product_name": "Product 15",
    "category": "Home & Garden",
    "date": "2025-07-04T23:50:25.299034",
    "quantity_sold": 68,
    "revenue": 2670.5,
    "unit_price": 42.07,
    "store_id": "store_1"
  },
  {
    "product_id": 15,
    "product_name": "Product 15",
    "category": "Home & Garden",
    "date": "2025-07-05T23:50:25.299036",
    "quantity_sold": 42,
    "revenue": 1837.49,
    "unit_price": 42.07,
    "store_id": "store_1"
  },
  {
    "product_id": 15,
    "product_name": "Product 15",
    "category": "Home & Garden",
    "date": "2025-07-06T23:50:25.299038",
    "quantity_sold": 44,
    "revenue": 1789.06,
    "unit_price": 42.07,
    "store_id": "store_5"
  },
  {
    "product_id": 15,
    "product_name": "Product 15",
    "category": "Home & Garden",
    "date": "2025-07-07T23:50:25.299039",
    "quantity_sold": 65,
    "revenue": 2613.48,
    "unit_price": 42.07,
    "store_id": "store_4"
  },
  {
    "product_id": 15,
    "product_name": "Product 15",
    "category": "Home & Garden",
    "date": "2025-07-08T23:50:25.299041",
    "quantity_sold": 47,
    "revenue": 1963.39,
    "unit_price": 42.07,
    "store_id": "store_3"
  },
  {
    "product_id": 15,
    "product_name": "Product 15",
    "category": "Home & Garden",
    "date": "2025-07-09T23:50:25.299043",
    "quantity_sold": 50,
    "revenue": 1904.43,
    "unit_price": 42.07,
    "store_id": "store_3"
  },
  {
    "product_id": 15,
    "product_name": "Product 15",
    "category": "Home & Garden",
    "date": "2025-07-10T23:50:25.299045",
    "quantity_sold": 48,
    "revenue": 1908.4,
    "unit_price": 42.07,
    "store_id": "store_2"
  },
  {
    "product_id": 15,
    "product_name": "Product 15",
    "category": "Home & Garden",
    "date": "2025-07-11T23:50:25.299046",
    "quantity_sold": 60,
    "revenue": 2354.57,
    "unit_price": 42.07,
    "store_id": "store_1"
  },
  {
    "product_id": 15,
    "product_name": "Product 15",
    "category": "Home & Garden",
    "date": "2025-07-12T23:50:25.299048",
    "quantity_sold": 42,
    "revenue": 1769.56,
    "unit_price": 42.07,
    "store_id": "store_4"
  }
]